%YAML 1.1
%TAG !u! tag:unity3d.com,2011:
--- !u!29 &1
OcclusionCullingSettings:
  m_ObjectHideFlags: 0
  serializedVersion: 2
  m_OcclusionBakeSettings:
    smallestOccluder: 5
    smallestHole: 0.25
    backfaceThreshold: 100
  m_SceneGUID: 00000000000000000000000000000000
  m_OcclusionCullingData: {fileID: 0}
--- !u!104 &2
RenderSettings:
  m_ObjectHideFlags: 0
  serializedVersion: 9
  m_Fog: 0
  m_FogColor: {r: 0.5, g: 0.5, b: 0.5, a: 1}
  m_FogMode: 3
  m_FogDensity: 0.01
  m_LinearFogStart: 0
  m_LinearFogEnd: 300
  m_AmbientSkyColor: {r: 0.212, g: 0.227, b: 0.259, a: 1}
  m_AmbientEquatorColor: {r: 0.114, g: 0.125, b: 0.133, a: 1}
  m_AmbientGroundColor: {r: 0.047, g: 0.043, b: 0.035, a: 1}
  m_AmbientIntensity: 1
  m_AmbientMode: 0
  m_SubtractiveShadowColor: {r: 0.42, g: 0.478, b: 0.627, a: 1}
  m_SkyboxMaterial: {fileID: 10304, guid: 0000000000000000f000000000000000, type: 0}
  m_HaloStrength: 0.5
  m_FlareStrength: 1
  m_FlareFadeSpeed: 3
  m_HaloTexture: {fileID: 0}
  m_SpotCookie: {fileID: 10001, guid: 0000000000000000e000000000000000, type: 0}
  m_DefaultReflectionMode: 0
  m_DefaultReflectionResolution: 128
  m_ReflectionBounces: 1
  m_ReflectionIntensity: 1
  m_CustomReflection: {fileID: 0}
  m_Sun: {fileID: 0}
  m_IndirectSpecularColor: {r: 0.17922258, g: 0.22441268, b: 0.3061499, a: 1}
  m_UseRadianceAmbientProbe: 0
--- !u!157 &3
LightmapSettings:
  m_ObjectHideFlags: 0
  serializedVersion: 11
  m_GIWorkflowMode: 1
  m_GISettings:
    serializedVersion: 2
    m_BounceScale: 1
    m_IndirectOutputScale: 1
    m_AlbedoBoost: 1
    m_EnvironmentLightingMode: 0
    m_EnableBakedLightmaps: 1
    m_EnableRealtimeLightmaps: 1
  m_LightmapEditorSettings:
    serializedVersion: 10
    m_Resolution: 2
    m_BakeResolution: 40
    m_AtlasSize: 1024
    m_AO: 0
    m_AOMaxDistance: 1
    m_CompAOExponent: 1
    m_CompAOExponentDirect: 0
    m_Padding: 2
    m_LightmapParameters: {fileID: 0}
    m_LightmapsBakeMode: 1
    m_TextureCompression: 1
    m_FinalGather: 0
    m_FinalGatherFiltering: 1
    m_FinalGatherRayCount: 256
    m_ReflectionCompression: 2
    m_MixedBakeMode: 2
    m_BakeBackend: 1
    m_PVRSampling: 1
    m_PVRDirectSampleCount: 32
    m_PVRSampleCount: 500
    m_PVRBounces: 2
    m_PVRFilterTypeDirect: 0
    m_PVRFilterTypeIndirect: 0
    m_PVRFilterTypeAO: 0
    m_PVRFilteringMode: 1
    m_PVRCulling: 1
    m_PVRFilteringGaussRadiusDirect: 1
    m_PVRFilteringGaussRadiusIndirect: 5
    m_PVRFilteringGaussRadiusAO: 2
    m_PVRFilteringAtrousPositionSigmaDirect: 0.5
    m_PVRFilteringAtrousPositionSigmaIndirect: 2
    m_PVRFilteringAtrousPositionSigmaAO: 1
    m_ShowResolutionOverlay: 1
  m_LightingDataAsset: {fileID: 112000000, guid: 4a9fa1b013a411f4ca6a2c3be2e747d7,
    type: 2}
  m_UseShadowmask: 1
--- !u!196 &4
NavMeshSettings:
  serializedVersion: 2
  m_ObjectHideFlags: 0
  m_BuildSettings:
    serializedVersion: 2
    agentTypeID: 0
    agentRadius: 0.5
    agentHeight: 2
    agentSlope: 45
    agentClimb: 0.4
    ledgeDropHeight: 0
    maxJumpAcrossDistance: 0
    minRegionArea: 2
    manualCellSize: 0
    cellSize: 0.16666667
    manualTileSize: 0
    tileSize: 256
    accuratePlacement: 0
    debug:
      m_Flags: 0
  m_NavMeshData: {fileID: 0}
--- !u!1001 &41922873
PrefabInstance:
  m_ObjectHideFlags: 0
  serializedVersion: 2
  m_Modification:
    m_TransformParent: {fileID: 0}
    m_Modifications:
    - target: {fileID: 671247551094514041, guid: ffc55504cccc1d04aa86e9a51ef1f7cd,
        type: 3}
      propertyPath: m_Name
      value: MenuDialog
      objectReference: {fileID: 0}
    - target: {fileID: 671247551094514041, guid: ffc55504cccc1d04aa86e9a51ef1f7cd,
        type: 3}
      propertyPath: m_IsActive
      value: 1
      objectReference: {fileID: 0}
    - target: {fileID: 671247551094514047, guid: ffc55504cccc1d04aa86e9a51ef1f7cd,
        type: 3}
      propertyPath: m_LocalPosition.x
      value: 0
      objectReference: {fileID: 0}
    - target: {fileID: 671247551094514047, guid: ffc55504cccc1d04aa86e9a51ef1f7cd,
        type: 3}
      propertyPath: m_LocalPosition.y
      value: 0
      objectReference: {fileID: 0}
    - target: {fileID: 671247551094514047, guid: ffc55504cccc1d04aa86e9a51ef1f7cd,
        type: 3}
      propertyPath: m_LocalPosition.z
      value: 0
      objectReference: {fileID: 0}
    - target: {fileID: 671247551094514047, guid: ffc55504cccc1d04aa86e9a51ef1f7cd,
        type: 3}
      propertyPath: m_LocalRotation.x
      value: 0
      objectReference: {fileID: 0}
    - target: {fileID: 671247551094514047, guid: ffc55504cccc1d04aa86e9a51ef1f7cd,
        type: 3}
      propertyPath: m_LocalRotation.y
      value: 0
      objectReference: {fileID: 0}
    - target: {fileID: 671247551094514047, guid: ffc55504cccc1d04aa86e9a51ef1f7cd,
        type: 3}
      propertyPath: m_LocalRotation.z
      value: 0
      objectReference: {fileID: 0}
    - target: {fileID: 671247551094514047, guid: ffc55504cccc1d04aa86e9a51ef1f7cd,
        type: 3}
      propertyPath: m_LocalRotation.w
      value: 1
      objectReference: {fileID: 0}
    - target: {fileID: 671247551094514047, guid: ffc55504cccc1d04aa86e9a51ef1f7cd,
        type: 3}
      propertyPath: m_RootOrder
      value: 3
      objectReference: {fileID: 0}
    - target: {fileID: 671247551094514047, guid: ffc55504cccc1d04aa86e9a51ef1f7cd,
        type: 3}
      propertyPath: m_LocalEulerAnglesHint.x
      value: 0
      objectReference: {fileID: 0}
    - target: {fileID: 671247551094514047, guid: ffc55504cccc1d04aa86e9a51ef1f7cd,
        type: 3}
      propertyPath: m_LocalEulerAnglesHint.y
      value: 0
      objectReference: {fileID: 0}
    - target: {fileID: 671247551094514047, guid: ffc55504cccc1d04aa86e9a51ef1f7cd,
        type: 3}
      propertyPath: m_LocalEulerAnglesHint.z
      value: 0
      objectReference: {fileID: 0}
    - target: {fileID: 671247551094514047, guid: ffc55504cccc1d04aa86e9a51ef1f7cd,
        type: 3}
      propertyPath: m_AnchoredPosition.x
      value: 0
      objectReference: {fileID: 0}
    - target: {fileID: 671247551094514047, guid: ffc55504cccc1d04aa86e9a51ef1f7cd,
        type: 3}
      propertyPath: m_AnchoredPosition.y
      value: 0
      objectReference: {fileID: 0}
    - target: {fileID: 671247551094514047, guid: ffc55504cccc1d04aa86e9a51ef1f7cd,
        type: 3}
      propertyPath: m_SizeDelta.x
      value: 0
      objectReference: {fileID: 0}
    - target: {fileID: 671247551094514047, guid: ffc55504cccc1d04aa86e9a51ef1f7cd,
        type: 3}
      propertyPath: m_SizeDelta.y
      value: 0
      objectReference: {fileID: 0}
    - target: {fileID: 671247551094514047, guid: ffc55504cccc1d04aa86e9a51ef1f7cd,
        type: 3}
      propertyPath: m_AnchorMin.x
      value: 0
      objectReference: {fileID: 0}
    - target: {fileID: 671247551094514047, guid: ffc55504cccc1d04aa86e9a51ef1f7cd,
        type: 3}
      propertyPath: m_AnchorMin.y
      value: 0
      objectReference: {fileID: 0}
    - target: {fileID: 671247551094514047, guid: ffc55504cccc1d04aa86e9a51ef1f7cd,
        type: 3}
      propertyPath: m_AnchorMax.x
      value: 0
      objectReference: {fileID: 0}
    - target: {fileID: 671247551094514047, guid: ffc55504cccc1d04aa86e9a51ef1f7cd,
        type: 3}
      propertyPath: m_AnchorMax.y
      value: 0
      objectReference: {fileID: 0}
    - target: {fileID: 671247551094514047, guid: ffc55504cccc1d04aa86e9a51ef1f7cd,
        type: 3}
      propertyPath: m_Pivot.x
      value: 0
      objectReference: {fileID: 0}
    - target: {fileID: 671247551094514047, guid: ffc55504cccc1d04aa86e9a51ef1f7cd,
        type: 3}
      propertyPath: m_Pivot.y
      value: 0
      objectReference: {fileID: 0}
    - target: {fileID: 671247550312929513, guid: ffc55504cccc1d04aa86e9a51ef1f7cd,
        type: 3}
      propertyPath: m_IsActive
      value: 0
      objectReference: {fileID: 0}
    m_RemovedComponents: []
  m_SourcePrefab: {fileID: 100100000, guid: ffc55504cccc1d04aa86e9a51ef1f7cd, type: 3}
--- !u!1001 &60190355
PrefabInstance:
  m_ObjectHideFlags: 0
  serializedVersion: 2
  m_Modification:
    m_TransformParent: {fileID: 0}
    m_Modifications:
    - target: {fileID: 3506434578959988404, guid: 85d6ea9ad806ca446bf0c4e7ef9e9b9b,
        type: 3}
      propertyPath: m_Name
      value: RoomBG
      objectReference: {fileID: 0}
    - target: {fileID: 3506434578959988405, guid: 85d6ea9ad806ca446bf0c4e7ef9e9b9b,
        type: 3}
      propertyPath: m_LocalPosition.x
      value: 0
      objectReference: {fileID: 0}
    - target: {fileID: 3506434578959988405, guid: 85d6ea9ad806ca446bf0c4e7ef9e9b9b,
        type: 3}
      propertyPath: m_LocalPosition.y
      value: 0
      objectReference: {fileID: 0}
    - target: {fileID: 3506434578959988405, guid: 85d6ea9ad806ca446bf0c4e7ef9e9b9b,
        type: 3}
      propertyPath: m_LocalPosition.z
      value: 0
      objectReference: {fileID: 0}
    - target: {fileID: 3506434578959988405, guid: 85d6ea9ad806ca446bf0c4e7ef9e9b9b,
        type: 3}
      propertyPath: m_LocalRotation.x
      value: 0
      objectReference: {fileID: 0}
    - target: {fileID: 3506434578959988405, guid: 85d6ea9ad806ca446bf0c4e7ef9e9b9b,
        type: 3}
      propertyPath: m_LocalRotation.y
      value: 1
      objectReference: {fileID: 0}
    - target: {fileID: 3506434578959988405, guid: 85d6ea9ad806ca446bf0c4e7ef9e9b9b,
        type: 3}
      propertyPath: m_LocalRotation.z
      value: 0
      objectReference: {fileID: 0}
    - target: {fileID: 3506434578959988405, guid: 85d6ea9ad806ca446bf0c4e7ef9e9b9b,
        type: 3}
      propertyPath: m_LocalRotation.w
      value: 0
      objectReference: {fileID: 0}
    - target: {fileID: 3506434578959988405, guid: 85d6ea9ad806ca446bf0c4e7ef9e9b9b,
        type: 3}
      propertyPath: m_RootOrder
      value: 2
      objectReference: {fileID: 0}
    - target: {fileID: 3506434578959988405, guid: 85d6ea9ad806ca446bf0c4e7ef9e9b9b,
        type: 3}
      propertyPath: m_LocalEulerAnglesHint.x
      value: 0
      objectReference: {fileID: 0}
    - target: {fileID: 3506434578959988405, guid: 85d6ea9ad806ca446bf0c4e7ef9e9b9b,
        type: 3}
      propertyPath: m_LocalEulerAnglesHint.y
      value: 180
      objectReference: {fileID: 0}
    - target: {fileID: 3506434578959988405, guid: 85d6ea9ad806ca446bf0c4e7ef9e9b9b,
        type: 3}
      propertyPath: m_LocalEulerAnglesHint.z
      value: 0
      objectReference: {fileID: 0}
    m_RemovedComponents: []
  m_SourcePrefab: {fileID: 100100000, guid: 85d6ea9ad806ca446bf0c4e7ef9e9b9b, type: 3}
--- !u!1001 &316411481
PrefabInstance:
  m_ObjectHideFlags: 0
  serializedVersion: 2
  m_Modification:
    m_TransformParent: {fileID: 1176374502}
    m_Modifications:
    - target: {fileID: 6132234514833173157, guid: 2ee0678986cd2964fa0df39c1115a888,
        type: 3}
      propertyPath: m_Name
      value: TextBox
      objectReference: {fileID: 0}
    - target: {fileID: 6132234514833173157, guid: 2ee0678986cd2964fa0df39c1115a888,
        type: 3}
      propertyPath: m_IsActive
      value: 1
      objectReference: {fileID: 0}
    - target: {fileID: 5116170062529455644, guid: 2ee0678986cd2964fa0df39c1115a888,
        type: 3}
      propertyPath: m_LocalPosition.x
      value: 0
      objectReference: {fileID: 0}
    - target: {fileID: 5116170062529455644, guid: 2ee0678986cd2964fa0df39c1115a888,
        type: 3}
      propertyPath: m_LocalPosition.y
      value: 0
      objectReference: {fileID: 0}
    - target: {fileID: 5116170062529455644, guid: 2ee0678986cd2964fa0df39c1115a888,
        type: 3}
      propertyPath: m_LocalPosition.z
      value: 0
      objectReference: {fileID: 0}
    - target: {fileID: 5116170062529455644, guid: 2ee0678986cd2964fa0df39c1115a888,
        type: 3}
      propertyPath: m_LocalRotation.x
      value: -0
      objectReference: {fileID: 0}
    - target: {fileID: 5116170062529455644, guid: 2ee0678986cd2964fa0df39c1115a888,
        type: 3}
      propertyPath: m_LocalRotation.y
      value: -0
      objectReference: {fileID: 0}
    - target: {fileID: 5116170062529455644, guid: 2ee0678986cd2964fa0df39c1115a888,
        type: 3}
      propertyPath: m_LocalRotation.z
      value: -0
      objectReference: {fileID: 0}
    - target: {fileID: 5116170062529455644, guid: 2ee0678986cd2964fa0df39c1115a888,
        type: 3}
      propertyPath: m_LocalRotation.w
      value: 1
      objectReference: {fileID: 0}
    - target: {fileID: 5116170062529455644, guid: 2ee0678986cd2964fa0df39c1115a888,
        type: 3}
      propertyPath: m_RootOrder
      value: 3
      objectReference: {fileID: 0}
    - target: {fileID: 5116170062529455644, guid: 2ee0678986cd2964fa0df39c1115a888,
        type: 3}
      propertyPath: m_LocalEulerAnglesHint.x
      value: 0
      objectReference: {fileID: 0}
    - target: {fileID: 5116170062529455644, guid: 2ee0678986cd2964fa0df39c1115a888,
        type: 3}
      propertyPath: m_LocalEulerAnglesHint.y
      value: 0
      objectReference: {fileID: 0}
    - target: {fileID: 5116170062529455644, guid: 2ee0678986cd2964fa0df39c1115a888,
        type: 3}
      propertyPath: m_LocalEulerAnglesHint.z
      value: 0
      objectReference: {fileID: 0}
    - target: {fileID: 5116170062529455644, guid: 2ee0678986cd2964fa0df39c1115a888,
        type: 3}
      propertyPath: m_AnchoredPosition.x
      value: 533.5
      objectReference: {fileID: 0}
    - target: {fileID: 5116170062529455644, guid: 2ee0678986cd2964fa0df39c1115a888,
        type: 3}
      propertyPath: m_AnchoredPosition.y
      value: 300
      objectReference: {fileID: 0}
    - target: {fileID: 5116170062529455644, guid: 2ee0678986cd2964fa0df39c1115a888,
        type: 3}
      propertyPath: m_SizeDelta.x
      value: 2133.891
      objectReference: {fileID: 0}
    - target: {fileID: 5116170062529455644, guid: 2ee0678986cd2964fa0df39c1115a888,
        type: 3}
      propertyPath: m_SizeDelta.y
      value: 1200
      objectReference: {fileID: 0}
    - target: {fileID: 5116170062529455644, guid: 2ee0678986cd2964fa0df39c1115a888,
        type: 3}
      propertyPath: m_AnchorMin.x
      value: 0
      objectReference: {fileID: 0}
    - target: {fileID: 5116170062529455644, guid: 2ee0678986cd2964fa0df39c1115a888,
        type: 3}
      propertyPath: m_AnchorMin.y
      value: 0
      objectReference: {fileID: 0}
    - target: {fileID: 5116170062529455644, guid: 2ee0678986cd2964fa0df39c1115a888,
        type: 3}
      propertyPath: m_AnchorMax.x
      value: 0
      objectReference: {fileID: 0}
    - target: {fileID: 5116170062529455644, guid: 2ee0678986cd2964fa0df39c1115a888,
        type: 3}
      propertyPath: m_AnchorMax.y
      value: 0
      objectReference: {fileID: 0}
    - target: {fileID: 5116170062529455644, guid: 2ee0678986cd2964fa0df39c1115a888,
        type: 3}
      propertyPath: m_Pivot.x
      value: 0.5
      objectReference: {fileID: 0}
    - target: {fileID: 5116170062529455644, guid: 2ee0678986cd2964fa0df39c1115a888,
        type: 3}
      propertyPath: m_Pivot.y
      value: 0.5
      objectReference: {fileID: 0}
    - target: {fileID: 5116170062529455644, guid: 2ee0678986cd2964fa0df39c1115a888,
        type: 3}
      propertyPath: m_LocalScale.x
      value: 0.5
      objectReference: {fileID: 0}
    - target: {fileID: 5116170062529455644, guid: 2ee0678986cd2964fa0df39c1115a888,
        type: 3}
      propertyPath: m_LocalScale.y
      value: 0.5
      objectReference: {fileID: 0}
    - target: {fileID: 5116170062529455644, guid: 2ee0678986cd2964fa0df39c1115a888,
        type: 3}
      propertyPath: m_LocalScale.z
      value: 0.5
      objectReference: {fileID: 0}
    - target: {fileID: 6078853981924242436, guid: 2ee0678986cd2964fa0df39c1115a888,
        type: 3}
      propertyPath: m_AnchoredPosition.x
      value: -20.845703
      objectReference: {fileID: 0}
    - target: {fileID: 6078853981924242436, guid: 2ee0678986cd2964fa0df39c1115a888,
        type: 3}
      propertyPath: m_AnchoredPosition.y
      value: 2
      objectReference: {fileID: 0}
    - target: {fileID: 5127523982594049508, guid: 2ee0678986cd2964fa0df39c1115a888,
        type: 3}
      propertyPath: m_AnchoredPosition.y
      value: 0.000030517578
      objectReference: {fileID: 0}
    - target: {fileID: 3645036236746790649, guid: 2ee0678986cd2964fa0df39c1115a888,
        type: 3}
      propertyPath: m_AnchoredPosition.x
      value: 15.950195
      objectReference: {fileID: 0}
    - target: {fileID: 3645036236746790649, guid: 2ee0678986cd2964fa0df39c1115a888,
        type: 3}
      propertyPath: m_AnchoredPosition.y
      value: 58.99997
      objectReference: {fileID: 0}
    - target: {fileID: 3645036236746790649, guid: 2ee0678986cd2964fa0df39c1115a888,
        type: 3}
      propertyPath: m_Pivot.x
      value: 0.50000006
      objectReference: {fileID: 0}
    - target: {fileID: 7153652607603319576, guid: 2ee0678986cd2964fa0df39c1115a888,
        type: 3}
      propertyPath: m_AnchoredPosition.y
      value: 7.3200073
      objectReference: {fileID: 0}
    - target: {fileID: 7153652607603319576, guid: 2ee0678986cd2964fa0df39c1115a888,
        type: 3}
      propertyPath: m_AnchoredPosition.x
      value: 257.83
      objectReference: {fileID: 0}
    - target: {fileID: 7153652607603319576, guid: 2ee0678986cd2964fa0df39c1115a888,
        type: 3}
      propertyPath: m_SizeDelta.x
      value: 391.7
      objectReference: {fileID: 0}
    - target: {fileID: 1044454986579829798, guid: 2ee0678986cd2964fa0df39c1115a888,
        type: 3}
      propertyPath: m_AnchoredPosition.x
      value: 18.09961
      objectReference: {fileID: 0}
    - target: {fileID: 1044454986579829798, guid: 2ee0678986cd2964fa0df39c1115a888,
        type: 3}
      propertyPath: m_AnchoredPosition.y
      value: -18.480225
      objectReference: {fileID: 0}
    - target: {fileID: 2889494798473153741, guid: 2ee0678986cd2964fa0df39c1115a888,
        type: 3}
      propertyPath: m_Text
      value: Dante
      objectReference: {fileID: 0}
    - target: {fileID: 730199365636832524, guid: 2ee0678986cd2964fa0df39c1115a888,
        type: 3}
      propertyPath: m_AnchoredPosition.x
      value: 17.298828
      objectReference: {fileID: 0}
    m_RemovedComponents: []
  m_SourcePrefab: {fileID: 100100000, guid: 2ee0678986cd2964fa0df39c1115a888, type: 3}
--- !u!1 &331688116 stripped
GameObject:
  m_CorrespondingSourceObject: {fileID: 2050635858278846878, guid: 808abc6bd5ccf044084e79f6ccb1fd4a,
    type: 3}
  m_PrefabInstance: {fileID: 671863589}
  m_PrefabAsset: {fileID: 0}
--- !u!1001 &390748305
PrefabInstance:
  m_ObjectHideFlags: 0
  serializedVersion: 2
  m_Modification:
    m_TransformParent: {fileID: 1176374502}
    m_Modifications:
    - target: {fileID: 4151107523669271082, guid: 91dd1732262c3264aa33796fed2aaace,
        type: 3}
      propertyPath: m_Name
      value: Dante
      objectReference: {fileID: 0}
    - target: {fileID: 6734028305142975796, guid: 91dd1732262c3264aa33796fed2aaace,
        type: 3}
      propertyPath: m_LocalPosition.x
      value: 0
      objectReference: {fileID: 0}
    - target: {fileID: 6734028305142975796, guid: 91dd1732262c3264aa33796fed2aaace,
        type: 3}
      propertyPath: m_LocalPosition.y
      value: 0
      objectReference: {fileID: 0}
    - target: {fileID: 6734028305142975796, guid: 91dd1732262c3264aa33796fed2aaace,
        type: 3}
      propertyPath: m_LocalPosition.z
      value: 0
      objectReference: {fileID: 0}
    - target: {fileID: 6734028305142975796, guid: 91dd1732262c3264aa33796fed2aaace,
        type: 3}
      propertyPath: m_LocalRotation.x
      value: 0
      objectReference: {fileID: 0}
    - target: {fileID: 6734028305142975796, guid: 91dd1732262c3264aa33796fed2aaace,
        type: 3}
      propertyPath: m_LocalRotation.y
      value: 0
      objectReference: {fileID: 0}
    - target: {fileID: 6734028305142975796, guid: 91dd1732262c3264aa33796fed2aaace,
        type: 3}
      propertyPath: m_LocalRotation.z
      value: 0
      objectReference: {fileID: 0}
    - target: {fileID: 6734028305142975796, guid: 91dd1732262c3264aa33796fed2aaace,
        type: 3}
      propertyPath: m_LocalRotation.w
      value: 1
      objectReference: {fileID: 0}
    - target: {fileID: 6734028305142975796, guid: 91dd1732262c3264aa33796fed2aaace,
        type: 3}
      propertyPath: m_RootOrder
      value: 2
      objectReference: {fileID: 0}
    - target: {fileID: 6734028305142975796, guid: 91dd1732262c3264aa33796fed2aaace,
        type: 3}
      propertyPath: m_LocalEulerAnglesHint.x
      value: 0
      objectReference: {fileID: 0}
    - target: {fileID: 6734028305142975796, guid: 91dd1732262c3264aa33796fed2aaace,
        type: 3}
      propertyPath: m_LocalEulerAnglesHint.y
      value: 0
      objectReference: {fileID: 0}
    - target: {fileID: 6734028305142975796, guid: 91dd1732262c3264aa33796fed2aaace,
        type: 3}
      propertyPath: m_LocalEulerAnglesHint.z
      value: 0
      objectReference: {fileID: 0}
    - target: {fileID: 6734028305142975796, guid: 91dd1732262c3264aa33796fed2aaace,
        type: 3}
      propertyPath: m_AnchoredPosition.x
      value: -59
      objectReference: {fileID: 0}
    - target: {fileID: 6734028305142975796, guid: 91dd1732262c3264aa33796fed2aaace,
        type: 3}
      propertyPath: m_AnchoredPosition.y
      value: -38.65
      objectReference: {fileID: 0}
    - target: {fileID: 6734028305142975796, guid: 91dd1732262c3264aa33796fed2aaace,
        type: 3}
      propertyPath: m_SizeDelta.x
      value: 496.7
      objectReference: {fileID: 0}
    - target: {fileID: 6734028305142975796, guid: 91dd1732262c3264aa33796fed2aaace,
        type: 3}
      propertyPath: m_SizeDelta.y
      value: 522.7
      objectReference: {fileID: 0}
    - target: {fileID: 6734028305142975796, guid: 91dd1732262c3264aa33796fed2aaace,
        type: 3}
      propertyPath: m_AnchorMin.x
      value: 0.5
      objectReference: {fileID: 0}
    - target: {fileID: 6734028305142975796, guid: 91dd1732262c3264aa33796fed2aaace,
        type: 3}
      propertyPath: m_AnchorMin.y
      value: 0.5
      objectReference: {fileID: 0}
    - target: {fileID: 6734028305142975796, guid: 91dd1732262c3264aa33796fed2aaace,
        type: 3}
      propertyPath: m_AnchorMax.x
      value: 0.5
      objectReference: {fileID: 0}
    - target: {fileID: 6734028305142975796, guid: 91dd1732262c3264aa33796fed2aaace,
        type: 3}
      propertyPath: m_AnchorMax.y
      value: 0.5
      objectReference: {fileID: 0}
    - target: {fileID: 6734028305142975796, guid: 91dd1732262c3264aa33796fed2aaace,
        type: 3}
      propertyPath: m_Pivot.x
      value: 0.5
      objectReference: {fileID: 0}
    - target: {fileID: 6734028305142975796, guid: 91dd1732262c3264aa33796fed2aaace,
        type: 3}
      propertyPath: m_Pivot.y
      value: 0.5
      objectReference: {fileID: 0}
    m_RemovedComponents: []
  m_SourcePrefab: {fileID: 100100000, guid: 91dd1732262c3264aa33796fed2aaace, type: 3}
--- !u!1 &460044403
GameObject:
  m_ObjectHideFlags: 0
  m_CorrespondingSourceObject: {fileID: 0}
  m_PrefabInstance: {fileID: 0}
  m_PrefabAsset: {fileID: 0}
  serializedVersion: 6
  m_Component:
  - component: {fileID: 460044407}
  - component: {fileID: 460044406}
  - component: {fileID: 460044405}
  - component: {fileID: 460044404}
  m_Layer: 0
  m_Name: EventSystem
  m_TagString: Untagged
  m_Icon: {fileID: 0}
  m_NavMeshLayer: 0
  m_StaticEditorFlags: 0
  m_IsActive: 1
--- !u!114 &460044404
MonoBehaviour:
  m_ObjectHideFlags: 0
  m_CorrespondingSourceObject: {fileID: 0}
  m_PrefabInstance: {fileID: 0}
  m_PrefabAsset: {fileID: 0}
  m_GameObject: {fileID: 460044403}
  m_Enabled: 1
  m_EditorHideFlags: 0
  m_Script: {fileID: 1997211142, guid: f5f67c52d1564df4a8936ccd202a3bd8, type: 3}
  m_Name: 
  m_EditorClassIdentifier: 
  m_ForceModuleActive: 0
--- !u!114 &460044405
MonoBehaviour:
  m_ObjectHideFlags: 0
  m_CorrespondingSourceObject: {fileID: 0}
  m_PrefabInstance: {fileID: 0}
  m_PrefabAsset: {fileID: 0}
  m_GameObject: {fileID: 460044403}
  m_Enabled: 1
  m_EditorHideFlags: 0
  m_Script: {fileID: 1077351063, guid: f5f67c52d1564df4a8936ccd202a3bd8, type: 3}
  m_Name: 
  m_EditorClassIdentifier: 
  m_HorizontalAxis: Horizontal
  m_VerticalAxis: Vertical
  m_SubmitButton: Submit
  m_CancelButton: Cancel
  m_InputActionsPerSecond: 10
  m_RepeatDelay: 0.5
  m_ForceModuleActive: 0
--- !u!114 &460044406
MonoBehaviour:
  m_ObjectHideFlags: 0
  m_CorrespondingSourceObject: {fileID: 0}
  m_PrefabInstance: {fileID: 0}
  m_PrefabAsset: {fileID: 0}
  m_GameObject: {fileID: 460044403}
  m_Enabled: 1
  m_EditorHideFlags: 0
  m_Script: {fileID: -619905303, guid: f5f67c52d1564df4a8936ccd202a3bd8, type: 3}
  m_Name: 
  m_EditorClassIdentifier: 
  m_FirstSelected: {fileID: 0}
  m_sendNavigationEvents: 1
  m_DragThreshold: 5
--- !u!4 &460044407
Transform:
  m_ObjectHideFlags: 0
  m_CorrespondingSourceObject: {fileID: 0}
  m_PrefabInstance: {fileID: 0}
  m_PrefabAsset: {fileID: 0}
  m_GameObject: {fileID: 460044403}
  m_LocalRotation: {x: 0, y: 0, z: 0, w: 1}
  m_LocalPosition: {x: 0, y: 0, z: 0}
  m_LocalScale: {x: 1, y: 1, z: 1}
  m_Children: []
  m_Father: {fileID: 0}
  m_RootOrder: 5
  m_LocalEulerAnglesHint: {x: 0, y: 0, z: 0}
--- !u!1001 &560722369
PrefabInstance:
  m_ObjectHideFlags: 0
  serializedVersion: 2
  m_Modification:
    m_TransformParent: {fileID: 0}
    m_Modifications:
    - target: {fileID: 1792621012792222, guid: e0135f4a0af4595479f266fa781d2c3d, type: 3}
      propertyPath: m_Name
      value: AudioPlayerObject (SFX)
      objectReference: {fileID: 0}
    - target: {fileID: 4934565376445180, guid: e0135f4a0af4595479f266fa781d2c3d, type: 3}
      propertyPath: m_LocalPosition.x
      value: 356.06897
      objectReference: {fileID: 0}
    - target: {fileID: 4934565376445180, guid: e0135f4a0af4595479f266fa781d2c3d, type: 3}
      propertyPath: m_LocalPosition.y
      value: 258.3848
      objectReference: {fileID: 0}
    - target: {fileID: 4934565376445180, guid: e0135f4a0af4595479f266fa781d2c3d, type: 3}
      propertyPath: m_LocalPosition.z
      value: -2.5
      objectReference: {fileID: 0}
    - target: {fileID: 4934565376445180, guid: e0135f4a0af4595479f266fa781d2c3d, type: 3}
      propertyPath: m_LocalRotation.x
      value: -0
      objectReference: {fileID: 0}
    - target: {fileID: 4934565376445180, guid: e0135f4a0af4595479f266fa781d2c3d, type: 3}
      propertyPath: m_LocalRotation.y
      value: -0
      objectReference: {fileID: 0}
    - target: {fileID: 4934565376445180, guid: e0135f4a0af4595479f266fa781d2c3d, type: 3}
      propertyPath: m_LocalRotation.z
      value: -0
      objectReference: {fileID: 0}
    - target: {fileID: 4934565376445180, guid: e0135f4a0af4595479f266fa781d2c3d, type: 3}
      propertyPath: m_LocalRotation.w
      value: 1
      objectReference: {fileID: 0}
    - target: {fileID: 4934565376445180, guid: e0135f4a0af4595479f266fa781d2c3d, type: 3}
      propertyPath: m_RootOrder
      value: 7
      objectReference: {fileID: 0}
    - target: {fileID: 4934565376445180, guid: e0135f4a0af4595479f266fa781d2c3d, type: 3}
      propertyPath: m_LocalEulerAnglesHint.x
      value: 0
      objectReference: {fileID: 0}
    - target: {fileID: 4934565376445180, guid: e0135f4a0af4595479f266fa781d2c3d, type: 3}
      propertyPath: m_LocalEulerAnglesHint.y
      value: 0
      objectReference: {fileID: 0}
    - target: {fileID: 4934565376445180, guid: e0135f4a0af4595479f266fa781d2c3d, type: 3}
      propertyPath: m_LocalEulerAnglesHint.z
      value: 0
      objectReference: {fileID: 0}
    - target: {fileID: 114261102571891970, guid: e0135f4a0af4595479f266fa781d2c3d,
        type: 3}
      propertyPath: SceneMusic
      value: 
      objectReference: {fileID: 8300000, guid: 8f7e22e5dd05c2847b348febe43029ba, type: 3}
    - target: {fileID: 82726863047821944, guid: e0135f4a0af4595479f266fa781d2c3d,
        type: 3}
      propertyPath: m_audioClip
      value: 
      objectReference: {fileID: 8300000, guid: 8f7e22e5dd05c2847b348febe43029ba, type: 3}
    m_RemovedComponents: []
  m_SourcePrefab: {fileID: 100100000, guid: e0135f4a0af4595479f266fa781d2c3d, type: 3}
--- !u!1001 &671863589
PrefabInstance:
  m_ObjectHideFlags: 0
  serializedVersion: 2
  m_Modification:
    m_TransformParent: {fileID: 0}
    m_Modifications:
    - target: {fileID: 2050635858278846878, guid: 808abc6bd5ccf044084e79f6ccb1fd4a,
        type: 3}
      propertyPath: m_Name
      value: GameController
      objectReference: {fileID: 0}
    - target: {fileID: 2050635858278846876, guid: 808abc6bd5ccf044084e79f6ccb1fd4a,
        type: 3}
      propertyPath: m_LocalPosition.x
      value: 0
      objectReference: {fileID: 0}
    - target: {fileID: 2050635858278846876, guid: 808abc6bd5ccf044084e79f6ccb1fd4a,
        type: 3}
      propertyPath: m_LocalPosition.y
      value: 0
      objectReference: {fileID: 0}
    - target: {fileID: 2050635858278846876, guid: 808abc6bd5ccf044084e79f6ccb1fd4a,
        type: 3}
      propertyPath: m_LocalPosition.z
      value: 0
      objectReference: {fileID: 0}
    - target: {fileID: 2050635858278846876, guid: 808abc6bd5ccf044084e79f6ccb1fd4a,
        type: 3}
      propertyPath: m_LocalRotation.x
      value: 0
      objectReference: {fileID: 0}
    - target: {fileID: 2050635858278846876, guid: 808abc6bd5ccf044084e79f6ccb1fd4a,
        type: 3}
      propertyPath: m_LocalRotation.y
      value: 0
      objectReference: {fileID: 0}
    - target: {fileID: 2050635858278846876, guid: 808abc6bd5ccf044084e79f6ccb1fd4a,
        type: 3}
      propertyPath: m_LocalRotation.z
      value: 0
      objectReference: {fileID: 0}
    - target: {fileID: 2050635858278846876, guid: 808abc6bd5ccf044084e79f6ccb1fd4a,
        type: 3}
      propertyPath: m_LocalRotation.w
      value: 1
      objectReference: {fileID: 0}
    - target: {fileID: 2050635858278846876, guid: 808abc6bd5ccf044084e79f6ccb1fd4a,
        type: 3}
      propertyPath: m_RootOrder
      value: 1
      objectReference: {fileID: 0}
    - target: {fileID: 2050635858278846876, guid: 808abc6bd5ccf044084e79f6ccb1fd4a,
        type: 3}
      propertyPath: m_LocalEulerAnglesHint.x
      value: 0
      objectReference: {fileID: 0}
    - target: {fileID: 2050635858278846876, guid: 808abc6bd5ccf044084e79f6ccb1fd4a,
        type: 3}
      propertyPath: m_LocalEulerAnglesHint.y
      value: 0
      objectReference: {fileID: 0}
    - target: {fileID: 2050635858278846876, guid: 808abc6bd5ccf044084e79f6ccb1fd4a,
        type: 3}
      propertyPath: m_LocalEulerAnglesHint.z
      value: 0
      objectReference: {fileID: 0}
    m_RemovedComponents: []
  m_SourcePrefab: {fileID: 100100000, guid: 808abc6bd5ccf044084e79f6ccb1fd4a, type: 3}
--- !u!1001 &1094047248
PrefabInstance:
  m_ObjectHideFlags: 0
  serializedVersion: 2
  m_Modification:
    m_TransformParent: {fileID: 0}
    m_Modifications:
    - target: {fileID: 700957182926203710, guid: 70e5e9acad6b7344d83a3da52e2deacd,
        type: 3}
      propertyPath: m_Name
      value: TimelineCanvas
      objectReference: {fileID: 0}
    - target: {fileID: 700957182926203710, guid: 70e5e9acad6b7344d83a3da52e2deacd,
        type: 3}
      propertyPath: m_IsActive
      value: 1
      objectReference: {fileID: 0}
    - target: {fileID: 1742463899238663437, guid: 70e5e9acad6b7344d83a3da52e2deacd,
        type: 3}
      propertyPath: m_LocalPosition.x
      value: 0
      objectReference: {fileID: 0}
    - target: {fileID: 1742463899238663437, guid: 70e5e9acad6b7344d83a3da52e2deacd,
        type: 3}
      propertyPath: m_LocalPosition.y
      value: 0
      objectReference: {fileID: 0}
    - target: {fileID: 1742463899238663437, guid: 70e5e9acad6b7344d83a3da52e2deacd,
        type: 3}
      propertyPath: m_LocalPosition.z
      value: 0
      objectReference: {fileID: 0}
    - target: {fileID: 1742463899238663437, guid: 70e5e9acad6b7344d83a3da52e2deacd,
        type: 3}
      propertyPath: m_LocalRotation.x
      value: 0
      objectReference: {fileID: 0}
    - target: {fileID: 1742463899238663437, guid: 70e5e9acad6b7344d83a3da52e2deacd,
        type: 3}
      propertyPath: m_LocalRotation.y
      value: 0
      objectReference: {fileID: 0}
    - target: {fileID: 1742463899238663437, guid: 70e5e9acad6b7344d83a3da52e2deacd,
        type: 3}
      propertyPath: m_LocalRotation.z
      value: 0
      objectReference: {fileID: 0}
    - target: {fileID: 1742463899238663437, guid: 70e5e9acad6b7344d83a3da52e2deacd,
        type: 3}
      propertyPath: m_LocalRotation.w
      value: 1
      objectReference: {fileID: 0}
    - target: {fileID: 1742463899238663437, guid: 70e5e9acad6b7344d83a3da52e2deacd,
        type: 3}
      propertyPath: m_RootOrder
      value: 9
      objectReference: {fileID: 0}
    - target: {fileID: 1742463899238663437, guid: 70e5e9acad6b7344d83a3da52e2deacd,
        type: 3}
      propertyPath: m_LocalEulerAnglesHint.x
      value: 0
      objectReference: {fileID: 0}
    - target: {fileID: 1742463899238663437, guid: 70e5e9acad6b7344d83a3da52e2deacd,
        type: 3}
      propertyPath: m_LocalEulerAnglesHint.y
      value: 0
      objectReference: {fileID: 0}
    - target: {fileID: 1742463899238663437, guid: 70e5e9acad6b7344d83a3da52e2deacd,
        type: 3}
      propertyPath: m_LocalEulerAnglesHint.z
      value: 0
      objectReference: {fileID: 0}
    - target: {fileID: 1742463899238663437, guid: 70e5e9acad6b7344d83a3da52e2deacd,
        type: 3}
      propertyPath: m_AnchoredPosition.x
      value: 0
      objectReference: {fileID: 0}
    - target: {fileID: 1742463899238663437, guid: 70e5e9acad6b7344d83a3da52e2deacd,
        type: 3}
      propertyPath: m_AnchoredPosition.y
      value: 0
      objectReference: {fileID: 0}
    - target: {fileID: 1742463899238663437, guid: 70e5e9acad6b7344d83a3da52e2deacd,
        type: 3}
      propertyPath: m_SizeDelta.x
      value: 0
      objectReference: {fileID: 0}
    - target: {fileID: 1742463899238663437, guid: 70e5e9acad6b7344d83a3da52e2deacd,
        type: 3}
      propertyPath: m_SizeDelta.y
      value: 0
      objectReference: {fileID: 0}
    - target: {fileID: 1742463899238663437, guid: 70e5e9acad6b7344d83a3da52e2deacd,
        type: 3}
      propertyPath: m_AnchorMin.x
      value: 0
      objectReference: {fileID: 0}
    - target: {fileID: 1742463899238663437, guid: 70e5e9acad6b7344d83a3da52e2deacd,
        type: 3}
      propertyPath: m_AnchorMin.y
      value: 0
      objectReference: {fileID: 0}
    - target: {fileID: 1742463899238663437, guid: 70e5e9acad6b7344d83a3da52e2deacd,
        type: 3}
      propertyPath: m_AnchorMax.x
      value: 0
      objectReference: {fileID: 0}
    - target: {fileID: 1742463899238663437, guid: 70e5e9acad6b7344d83a3da52e2deacd,
        type: 3}
      propertyPath: m_AnchorMax.y
      value: 0
      objectReference: {fileID: 0}
    - target: {fileID: 1742463899238663437, guid: 70e5e9acad6b7344d83a3da52e2deacd,
        type: 3}
      propertyPath: m_Pivot.x
      value: 0
      objectReference: {fileID: 0}
    - target: {fileID: 1742463899238663437, guid: 70e5e9acad6b7344d83a3da52e2deacd,
        type: 3}
      propertyPath: m_Pivot.y
      value: 0
      objectReference: {fileID: 0}
    - target: {fileID: 1742463899238663437, guid: 70e5e9acad6b7344d83a3da52e2deacd,
        type: 3}
      propertyPath: m_LocalScale.x
      value: 0
      objectReference: {fileID: 0}
    - target: {fileID: 1742463899238663437, guid: 70e5e9acad6b7344d83a3da52e2deacd,
        type: 3}
      propertyPath: m_LocalScale.y
      value: 0
      objectReference: {fileID: 0}
    - target: {fileID: 1742463899238663437, guid: 70e5e9acad6b7344d83a3da52e2deacd,
        type: 3}
      propertyPath: m_LocalScale.z
      value: 0
      objectReference: {fileID: 0}
    - target: {fileID: 7502287507341070686, guid: 70e5e9acad6b7344d83a3da52e2deacd,
        type: 3}
      propertyPath: m_Enabled
      value: 1
      objectReference: {fileID: 0}
    - target: {fileID: 415890672776172691, guid: 70e5e9acad6b7344d83a3da52e2deacd,
        type: 3}
      propertyPath: fadeScreen
      value: 
      objectReference: {fileID: 1867582678}
    - target: {fileID: 7502287506534855090, guid: 70e5e9acad6b7344d83a3da52e2deacd,
        type: 3}
      propertyPath: m_Enabled
      value: 1
      objectReference: {fileID: 0}
    - target: {fileID: 7502287506560075479, guid: 70e5e9acad6b7344d83a3da52e2deacd,
        type: 3}
      propertyPath: m_Enabled
      value: 1
      objectReference: {fileID: 0}
    - target: {fileID: 7502287506798712016, guid: 70e5e9acad6b7344d83a3da52e2deacd,
        type: 3}
      propertyPath: m_Enabled
      value: 1
      objectReference: {fileID: 0}
    - target: {fileID: 7502287507302762172, guid: 70e5e9acad6b7344d83a3da52e2deacd,
        type: 3}
      propertyPath: m_Enabled
      value: 1
      objectReference: {fileID: 0}
    - target: {fileID: 7502287507537172682, guid: 70e5e9acad6b7344d83a3da52e2deacd,
        type: 3}
      propertyPath: m_Enabled
      value: 1
      objectReference: {fileID: 0}
    - target: {fileID: 7502287508441313036, guid: 70e5e9acad6b7344d83a3da52e2deacd,
        type: 3}
      propertyPath: m_Enabled
      value: 1
      objectReference: {fileID: 0}
    - target: {fileID: 7502287508578456055, guid: 70e5e9acad6b7344d83a3da52e2deacd,
        type: 3}
      propertyPath: m_Enabled
      value: 1
      objectReference: {fileID: 0}
    - target: {fileID: 5369787490873827440, guid: 70e5e9acad6b7344d83a3da52e2deacd,
        type: 3}
      propertyPath: m_Enabled
      value: 1
      objectReference: {fileID: 0}
    - target: {fileID: 7920560085413210880, guid: 70e5e9acad6b7344d83a3da52e2deacd,
        type: 3}
      propertyPath: m_havePropertiesChanged
      value: 1
      objectReference: {fileID: 0}
    - target: {fileID: 7920560085413210880, guid: 70e5e9acad6b7344d83a3da52e2deacd,
        type: 3}
      propertyPath: m_isInputParsingRequired
      value: 1
      objectReference: {fileID: 0}
    - target: {fileID: 7920560085413210880, guid: 70e5e9acad6b7344d83a3da52e2deacd,
        type: 3}
      propertyPath: m_Enabled
      value: 1
      objectReference: {fileID: 0}
    - target: {fileID: 121499703299576432, guid: 70e5e9acad6b7344d83a3da52e2deacd,
        type: 3}
      propertyPath: m_Enabled
      value: 1
      objectReference: {fileID: 0}
    - target: {fileID: 6275827590775321726, guid: 70e5e9acad6b7344d83a3da52e2deacd,
        type: 3}
      propertyPath: m_havePropertiesChanged
      value: 1
      objectReference: {fileID: 0}
    - target: {fileID: 6275827590775321726, guid: 70e5e9acad6b7344d83a3da52e2deacd,
        type: 3}
      propertyPath: m_isInputParsingRequired
      value: 1
      objectReference: {fileID: 0}
    - target: {fileID: 6275827590775321726, guid: 70e5e9acad6b7344d83a3da52e2deacd,
        type: 3}
      propertyPath: m_Enabled
      value: 1
      objectReference: {fileID: 0}
    - target: {fileID: 2466639538980030751, guid: 70e5e9acad6b7344d83a3da52e2deacd,
        type: 3}
      propertyPath: m_Enabled
      value: 1
      objectReference: {fileID: 0}
    - target: {fileID: 1403870877370120278, guid: 70e5e9acad6b7344d83a3da52e2deacd,
        type: 3}
      propertyPath: m_havePropertiesChanged
      value: 1
      objectReference: {fileID: 0}
    - target: {fileID: 1403870877370120278, guid: 70e5e9acad6b7344d83a3da52e2deacd,
        type: 3}
      propertyPath: m_isInputParsingRequired
      value: 1
      objectReference: {fileID: 0}
    - target: {fileID: 1403870877370120278, guid: 70e5e9acad6b7344d83a3da52e2deacd,
        type: 3}
      propertyPath: m_Enabled
      value: 1
      objectReference: {fileID: 0}
    - target: {fileID: 4497002752213316223, guid: 70e5e9acad6b7344d83a3da52e2deacd,
        type: 3}
      propertyPath: m_Enabled
      value: 1
      objectReference: {fileID: 0}
    - target: {fileID: 1434394614965452425, guid: 70e5e9acad6b7344d83a3da52e2deacd,
        type: 3}
      propertyPath: m_Enabled
      value: 1
      objectReference: {fileID: 0}
    - target: {fileID: 56906350476309457, guid: 70e5e9acad6b7344d83a3da52e2deacd,
        type: 3}
      propertyPath: m_Enabled
      value: 1
      objectReference: {fileID: 0}
    - target: {fileID: 5864440114265704265, guid: 70e5e9acad6b7344d83a3da52e2deacd,
        type: 3}
      propertyPath: m_Enabled
      value: 1
      objectReference: {fileID: 0}
    - target: {fileID: 7819162730731132033, guid: 70e5e9acad6b7344d83a3da52e2deacd,
        type: 3}
      propertyPath: m_Enabled
      value: 1
      objectReference: {fileID: 0}
    - target: {fileID: 7214870382074861884, guid: 70e5e9acad6b7344d83a3da52e2deacd,
        type: 3}
      propertyPath: m_Enabled
      value: 1
      objectReference: {fileID: 0}
    - target: {fileID: 1640366768435678999, guid: 70e5e9acad6b7344d83a3da52e2deacd,
        type: 3}
      propertyPath: m_havePropertiesChanged
      value: 1
      objectReference: {fileID: 0}
    - target: {fileID: 1640366768435678999, guid: 70e5e9acad6b7344d83a3da52e2deacd,
        type: 3}
      propertyPath: m_isInputParsingRequired
      value: 1
      objectReference: {fileID: 0}
    - target: {fileID: 1640366768435678999, guid: 70e5e9acad6b7344d83a3da52e2deacd,
        type: 3}
      propertyPath: m_Enabled
      value: 1
      objectReference: {fileID: 0}
    - target: {fileID: 6341544165259923404, guid: 70e5e9acad6b7344d83a3da52e2deacd,
        type: 3}
      propertyPath: m_Enabled
      value: 1
      objectReference: {fileID: 0}
    - target: {fileID: 6177312561283986139, guid: 70e5e9acad6b7344d83a3da52e2deacd,
        type: 3}
      propertyPath: m_Enabled
      value: 1
      objectReference: {fileID: 0}
    - target: {fileID: 362671939623091585, guid: 70e5e9acad6b7344d83a3da52e2deacd,
        type: 3}
      propertyPath: m_havePropertiesChanged
      value: 1
      objectReference: {fileID: 0}
    - target: {fileID: 362671939623091585, guid: 70e5e9acad6b7344d83a3da52e2deacd,
        type: 3}
      propertyPath: m_isInputParsingRequired
      value: 1
      objectReference: {fileID: 0}
    - target: {fileID: 362671939623091585, guid: 70e5e9acad6b7344d83a3da52e2deacd,
        type: 3}
      propertyPath: m_Enabled
      value: 1
      objectReference: {fileID: 0}
    - target: {fileID: 4441151107195629377, guid: 70e5e9acad6b7344d83a3da52e2deacd,
        type: 3}
      propertyPath: m_havePropertiesChanged
      value: 1
      objectReference: {fileID: 0}
    - target: {fileID: 4441151107195629377, guid: 70e5e9acad6b7344d83a3da52e2deacd,
        type: 3}
      propertyPath: m_isInputParsingRequired
      value: 1
      objectReference: {fileID: 0}
    - target: {fileID: 4441151107195629377, guid: 70e5e9acad6b7344d83a3da52e2deacd,
        type: 3}
      propertyPath: m_Enabled
      value: 1
      objectReference: {fileID: 0}
    - target: {fileID: 5541699725021671740, guid: 70e5e9acad6b7344d83a3da52e2deacd,
        type: 3}
      propertyPath: m_havePropertiesChanged
      value: 1
      objectReference: {fileID: 0}
    - target: {fileID: 5541699725021671740, guid: 70e5e9acad6b7344d83a3da52e2deacd,
        type: 3}
      propertyPath: m_isInputParsingRequired
      value: 1
      objectReference: {fileID: 0}
    - target: {fileID: 5541699725021671740, guid: 70e5e9acad6b7344d83a3da52e2deacd,
        type: 3}
      propertyPath: m_Enabled
      value: 1
      objectReference: {fileID: 0}
    - target: {fileID: 783925760, guid: 70e5e9acad6b7344d83a3da52e2deacd, type: 3}
      propertyPath: m_SizeDelta.x
      value: 880
      objectReference: {fileID: 0}
    - target: {fileID: 783925759, guid: 70e5e9acad6b7344d83a3da52e2deacd, type: 3}
      propertyPath: m_TagString
      value: FadeScreen
      objectReference: {fileID: 0}
    - target: {fileID: 783925763, guid: 70e5e9acad6b7344d83a3da52e2deacd, type: 3}
      propertyPath: m_Alpha
      value: 0
      objectReference: {fileID: 0}
    - target: {fileID: 2235598206210812060, guid: 70e5e9acad6b7344d83a3da52e2deacd,
        type: 3}
      propertyPath: m_IsActive
      value: 1
      objectReference: {fileID: 0}
    - target: {fileID: 3086392680708433013, guid: 70e5e9acad6b7344d83a3da52e2deacd,
        type: 3}
      propertyPath: m_IsActive
      value: 1
      objectReference: {fileID: 0}
    m_RemovedComponents: []
  m_SourcePrefab: {fileID: 100100000, guid: 70e5e9acad6b7344d83a3da52e2deacd, type: 3}
--- !u!1001 &1176374501
PrefabInstance:
  m_ObjectHideFlags: 0
  serializedVersion: 2
  m_Modification:
    m_TransformParent: {fileID: 0}
    m_Modifications:
    - target: {fileID: 1348516787324836372, guid: 4b88e8c182b22d34bb75cc3817409225,
        type: 3}
      propertyPath: m_Name
      value: Canvas
      objectReference: {fileID: 0}
    - target: {fileID: 1348516787324836372, guid: 4b88e8c182b22d34bb75cc3817409225,
        type: 3}
      propertyPath: m_IsActive
      value: 1
      objectReference: {fileID: 0}
    - target: {fileID: 1348516787324836376, guid: 4b88e8c182b22d34bb75cc3817409225,
        type: 3}
      propertyPath: m_LocalPosition.x
      value: 0
      objectReference: {fileID: 0}
    - target: {fileID: 1348516787324836376, guid: 4b88e8c182b22d34bb75cc3817409225,
        type: 3}
      propertyPath: m_LocalPosition.y
      value: 0
      objectReference: {fileID: 0}
    - target: {fileID: 1348516787324836376, guid: 4b88e8c182b22d34bb75cc3817409225,
        type: 3}
      propertyPath: m_LocalPosition.z
      value: 0
      objectReference: {fileID: 0}
    - target: {fileID: 1348516787324836376, guid: 4b88e8c182b22d34bb75cc3817409225,
        type: 3}
      propertyPath: m_LocalRotation.x
      value: 0
      objectReference: {fileID: 0}
    - target: {fileID: 1348516787324836376, guid: 4b88e8c182b22d34bb75cc3817409225,
        type: 3}
      propertyPath: m_LocalRotation.y
      value: 0
      objectReference: {fileID: 0}
    - target: {fileID: 1348516787324836376, guid: 4b88e8c182b22d34bb75cc3817409225,
        type: 3}
      propertyPath: m_LocalRotation.z
      value: 0
      objectReference: {fileID: 0}
    - target: {fileID: 1348516787324836376, guid: 4b88e8c182b22d34bb75cc3817409225,
        type: 3}
      propertyPath: m_LocalRotation.w
      value: 1
      objectReference: {fileID: 0}
    - target: {fileID: 1348516787324836376, guid: 4b88e8c182b22d34bb75cc3817409225,
        type: 3}
      propertyPath: m_RootOrder
      value: 6
      objectReference: {fileID: 0}
    - target: {fileID: 1348516787324836376, guid: 4b88e8c182b22d34bb75cc3817409225,
        type: 3}
      propertyPath: m_LocalEulerAnglesHint.x
      value: 0
      objectReference: {fileID: 0}
    - target: {fileID: 1348516787324836376, guid: 4b88e8c182b22d34bb75cc3817409225,
        type: 3}
      propertyPath: m_LocalEulerAnglesHint.y
      value: 0
      objectReference: {fileID: 0}
    - target: {fileID: 1348516787324836376, guid: 4b88e8c182b22d34bb75cc3817409225,
        type: 3}
      propertyPath: m_LocalEulerAnglesHint.z
      value: 0
      objectReference: {fileID: 0}
    - target: {fileID: 1348516787324836376, guid: 4b88e8c182b22d34bb75cc3817409225,
        type: 3}
      propertyPath: m_AnchoredPosition.x
      value: 0
      objectReference: {fileID: 0}
    - target: {fileID: 1348516787324836376, guid: 4b88e8c182b22d34bb75cc3817409225,
        type: 3}
      propertyPath: m_AnchoredPosition.y
      value: 0
      objectReference: {fileID: 0}
    - target: {fileID: 1348516787324836376, guid: 4b88e8c182b22d34bb75cc3817409225,
        type: 3}
      propertyPath: m_SizeDelta.x
      value: 0
      objectReference: {fileID: 0}
    - target: {fileID: 1348516787324836376, guid: 4b88e8c182b22d34bb75cc3817409225,
        type: 3}
      propertyPath: m_SizeDelta.y
      value: 0
      objectReference: {fileID: 0}
    - target: {fileID: 1348516787324836376, guid: 4b88e8c182b22d34bb75cc3817409225,
        type: 3}
      propertyPath: m_AnchorMin.x
      value: 0
      objectReference: {fileID: 0}
    - target: {fileID: 1348516787324836376, guid: 4b88e8c182b22d34bb75cc3817409225,
        type: 3}
      propertyPath: m_AnchorMin.y
      value: 0
      objectReference: {fileID: 0}
    - target: {fileID: 1348516787324836376, guid: 4b88e8c182b22d34bb75cc3817409225,
        type: 3}
      propertyPath: m_AnchorMax.x
      value: 0
      objectReference: {fileID: 0}
    - target: {fileID: 1348516787324836376, guid: 4b88e8c182b22d34bb75cc3817409225,
        type: 3}
      propertyPath: m_AnchorMax.y
      value: 0
      objectReference: {fileID: 0}
    - target: {fileID: 1348516787324836376, guid: 4b88e8c182b22d34bb75cc3817409225,
        type: 3}
      propertyPath: m_Pivot.x
      value: 0
      objectReference: {fileID: 0}
    - target: {fileID: 1348516787324836376, guid: 4b88e8c182b22d34bb75cc3817409225,
        type: 3}
      propertyPath: m_Pivot.y
      value: 0
      objectReference: {fileID: 0}
    - target: {fileID: 849550907993143982, guid: 4b88e8c182b22d34bb75cc3817409225,
        type: 3}
      propertyPath: m_havePropertiesChanged
      value: 1
      objectReference: {fileID: 0}
    - target: {fileID: 849550907993143982, guid: 4b88e8c182b22d34bb75cc3817409225,
        type: 3}
      propertyPath: m_isInputParsingRequired
      value: 1
      objectReference: {fileID: 0}
    - target: {fileID: 4257973069094061939, guid: 4b88e8c182b22d34bb75cc3817409225,
        type: 3}
      propertyPath: m_havePropertiesChanged
      value: 1
      objectReference: {fileID: 0}
    - target: {fileID: 4257973069094061939, guid: 4b88e8c182b22d34bb75cc3817409225,
        type: 3}
      propertyPath: m_isInputParsingRequired
      value: 1
      objectReference: {fileID: 0}
    - target: {fileID: 649136966431068273, guid: 4b88e8c182b22d34bb75cc3817409225,
        type: 3}
      propertyPath: m_havePropertiesChanged
      value: 1
      objectReference: {fileID: 0}
    - target: {fileID: 649136966431068273, guid: 4b88e8c182b22d34bb75cc3817409225,
        type: 3}
      propertyPath: m_isInputParsingRequired
      value: 1
      objectReference: {fileID: 0}
    - target: {fileID: 2238951696514632308, guid: 4b88e8c182b22d34bb75cc3817409225,
        type: 3}
      propertyPath: m_havePropertiesChanged
      value: 1
      objectReference: {fileID: 0}
    - target: {fileID: 2238951696514632308, guid: 4b88e8c182b22d34bb75cc3817409225,
        type: 3}
      propertyPath: m_isInputParsingRequired
      value: 1
      objectReference: {fileID: 0}
    - target: {fileID: 8446446977057182434, guid: 4b88e8c182b22d34bb75cc3817409225,
        type: 3}
      propertyPath: m_RootOrder
      value: 4
      objectReference: {fileID: 0}
    - target: {fileID: 5865850947292351182, guid: 4b88e8c182b22d34bb75cc3817409225,
        type: 3}
      propertyPath: m_AnchoredPosition.y
      value: 50.25
      objectReference: {fileID: 0}
    - target: {fileID: 8011867436474130289, guid: 4b88e8c182b22d34bb75cc3817409225,
        type: 3}
      propertyPath: m_AnchoredPosition.y
      value: -14.3125
      objectReference: {fileID: 0}
    - target: {fileID: 5191676674124519798, guid: 4b88e8c182b22d34bb75cc3817409225,
        type: 3}
      propertyPath: m_AnchoredPosition.y
      value: -47.625
      objectReference: {fileID: 0}
    - target: {fileID: 8758375448363635026, guid: 4b88e8c182b22d34bb75cc3817409225,
        type: 3}
      propertyPath: m_havePropertiesChanged
      value: 1
      objectReference: {fileID: 0}
    - target: {fileID: 8758375448363635026, guid: 4b88e8c182b22d34bb75cc3817409225,
        type: 3}
      propertyPath: m_isInputParsingRequired
      value: 1
      objectReference: {fileID: 0}
    - target: {fileID: 279773734774482206, guid: 4b88e8c182b22d34bb75cc3817409225,
        type: 3}
      propertyPath: m_havePropertiesChanged
      value: 1
      objectReference: {fileID: 0}
    - target: {fileID: 279773734774482206, guid: 4b88e8c182b22d34bb75cc3817409225,
        type: 3}
      propertyPath: m_isInputParsingRequired
      value: 1
      objectReference: {fileID: 0}
    - target: {fileID: 8233577117789894206, guid: 4b88e8c182b22d34bb75cc3817409225,
        type: 3}
      propertyPath: m_havePropertiesChanged
      value: 1
      objectReference: {fileID: 0}
    - target: {fileID: 8233577117789894206, guid: 4b88e8c182b22d34bb75cc3817409225,
        type: 3}
      propertyPath: m_isInputParsingRequired
      value: 1
      objectReference: {fileID: 0}
    - target: {fileID: 187453467030576428, guid: 4b88e8c182b22d34bb75cc3817409225,
        type: 3}
      propertyPath: m_havePropertiesChanged
      value: 1
      objectReference: {fileID: 0}
    - target: {fileID: 187453467030576428, guid: 4b88e8c182b22d34bb75cc3817409225,
        type: 3}
      propertyPath: m_isInputParsingRequired
      value: 1
      objectReference: {fileID: 0}
    - target: {fileID: 623257671612254994, guid: 4b88e8c182b22d34bb75cc3817409225,
        type: 3}
      propertyPath: m_RootOrder
      value: 3
      objectReference: {fileID: 0}
    - target: {fileID: 623257671612254997, guid: 4b88e8c182b22d34bb75cc3817409225,
        type: 3}
      propertyPath: m_IsActive
      value: 0
      objectReference: {fileID: 0}
    - target: {fileID: 8536849979080234330, guid: 4b88e8c182b22d34bb75cc3817409225,
        type: 3}
      propertyPath: m_havePropertiesChanged
      value: 1
      objectReference: {fileID: 0}
    - target: {fileID: 8536849979080234330, guid: 4b88e8c182b22d34bb75cc3817409225,
        type: 3}
      propertyPath: m_isInputParsingRequired
      value: 1
      objectReference: {fileID: 0}
    - target: {fileID: 7328274706361640908, guid: 4b88e8c182b22d34bb75cc3817409225,
        type: 3}
      propertyPath: m_havePropertiesChanged
      value: 1
      objectReference: {fileID: 0}
    - target: {fileID: 7328274706361640908, guid: 4b88e8c182b22d34bb75cc3817409225,
        type: 3}
      propertyPath: m_isInputParsingRequired
      value: 1
      objectReference: {fileID: 0}
    - target: {fileID: 6708419882828723468, guid: 4b88e8c182b22d34bb75cc3817409225,
        type: 3}
      propertyPath: m_havePropertiesChanged
      value: 1
      objectReference: {fileID: 0}
    - target: {fileID: 6708419882828723468, guid: 4b88e8c182b22d34bb75cc3817409225,
        type: 3}
      propertyPath: m_isInputParsingRequired
      value: 1
      objectReference: {fileID: 0}
    - target: {fileID: 3193942431185628017, guid: 4b88e8c182b22d34bb75cc3817409225,
        type: 3}
      propertyPath: m_havePropertiesChanged
      value: 1
      objectReference: {fileID: 0}
    - target: {fileID: 3193942431185628017, guid: 4b88e8c182b22d34bb75cc3817409225,
        type: 3}
      propertyPath: m_isInputParsingRequired
      value: 1
      objectReference: {fileID: 0}
    - target: {fileID: 8340866819082379803, guid: 4b88e8c182b22d34bb75cc3817409225,
        type: 3}
      propertyPath: m_havePropertiesChanged
      value: 1
      objectReference: {fileID: 0}
    - target: {fileID: 8340866819082379803, guid: 4b88e8c182b22d34bb75cc3817409225,
        type: 3}
      propertyPath: m_isInputParsingRequired
      value: 1
      objectReference: {fileID: 0}
    - target: {fileID: 959337498119975245, guid: 4b88e8c182b22d34bb75cc3817409225,
        type: 3}
      propertyPath: m_havePropertiesChanged
      value: 1
      objectReference: {fileID: 0}
    - target: {fileID: 959337498119975245, guid: 4b88e8c182b22d34bb75cc3817409225,
        type: 3}
      propertyPath: m_isInputParsingRequired
      value: 1
      objectReference: {fileID: 0}
    - target: {fileID: 4009062114375511603, guid: 4b88e8c182b22d34bb75cc3817409225,
        type: 3}
      propertyPath: m_havePropertiesChanged
      value: 1
      objectReference: {fileID: 0}
    - target: {fileID: 4009062114375511603, guid: 4b88e8c182b22d34bb75cc3817409225,
        type: 3}
      propertyPath: m_isInputParsingRequired
      value: 1
      objectReference: {fileID: 0}
    m_RemovedComponents: []
  m_SourcePrefab: {fileID: 100100000, guid: 4b88e8c182b22d34bb75cc3817409225, type: 3}
--- !u!224 &1176374502 stripped
RectTransform:
  m_CorrespondingSourceObject: {fileID: 1348516787324836376, guid: 4b88e8c182b22d34bb75cc3817409225,
    type: 3}
  m_PrefabInstance: {fileID: 1176374501}
  m_PrefabAsset: {fileID: 0}
--- !u!1 &1183269343
GameObject:
  m_ObjectHideFlags: 1
  m_CorrespondingSourceObject: {fileID: 0}
  m_PrefabInstance: {fileID: 0}
  m_PrefabAsset: {fileID: 0}
  serializedVersion: 6
  m_Component:
  - component: {fileID: 1183269345}
  - component: {fileID: 1183269344}
  m_Layer: 0
  m_Name: _FungusState
  m_TagString: Untagged
  m_Icon: {fileID: 0}
  m_NavMeshLayer: 0
  m_StaticEditorFlags: 0
  m_IsActive: 1
--- !u!114 &1183269344
MonoBehaviour:
  m_ObjectHideFlags: 1
  m_CorrespondingSourceObject: {fileID: 0}
  m_PrefabInstance: {fileID: 0}
  m_PrefabAsset: {fileID: 0}
  m_GameObject: {fileID: 1183269343}
  m_Enabled: 1
  m_EditorHideFlags: 0
  m_Script: {fileID: 11500000, guid: 61dddfdc5e0e44ca298d8f46f7f5a915, type: 3}
  m_Name: 
  m_EditorClassIdentifier: 
--- !u!4 &1183269345
Transform:
  m_ObjectHideFlags: 1
  m_CorrespondingSourceObject: {fileID: 0}
  m_PrefabInstance: {fileID: 0}
  m_PrefabAsset: {fileID: 0}
  m_GameObject: {fileID: 1183269343}
  m_LocalRotation: {x: 0, y: 0, z: 0, w: 1}
  m_LocalPosition: {x: 0, y: 0, z: 0}
  m_LocalScale: {x: 1, y: 1, z: 1}
  m_Children: []
  m_Father: {fileID: 0}
  m_RootOrder: 4
  m_LocalEulerAnglesHint: {x: 0, y: 0, z: 0}
--- !u!1 &1256463546
GameObject:
  m_ObjectHideFlags: 0
  m_CorrespondingSourceObject: {fileID: 0}
  m_PrefabInstance: {fileID: 0}
  m_PrefabAsset: {fileID: 0}
  serializedVersion: 6
  m_Component:
  - component: {fileID: 1256463549}
  - component: {fileID: 1256463548}
  - component: {fileID: 1256463547}
  m_Layer: 0
  m_Name: Main Camera
  m_TagString: MainCamera
  m_Icon: {fileID: 0}
  m_NavMeshLayer: 0
  m_StaticEditorFlags: 0
  m_IsActive: 0
--- !u!81 &1256463547
AudioListener:
  m_ObjectHideFlags: 0
  m_CorrespondingSourceObject: {fileID: 0}
  m_PrefabInstance: {fileID: 0}
  m_PrefabAsset: {fileID: 0}
  m_GameObject: {fileID: 1256463546}
  m_Enabled: 1
--- !u!20 &1256463548
Camera:
  m_ObjectHideFlags: 0
  m_CorrespondingSourceObject: {fileID: 0}
  m_PrefabInstance: {fileID: 0}
  m_PrefabAsset: {fileID: 0}
  m_GameObject: {fileID: 1256463546}
  m_Enabled: 1
  serializedVersion: 2
  m_ClearFlags: 1
  m_BackGroundColor: {r: 0.19215687, g: 0.3019608, b: 0.4745098, a: 0}
  m_projectionMatrixMode: 1
  m_SensorSize: {x: 36, y: 24}
  m_LensShift: {x: 0, y: 0}
  m_GateFitMode: 2
  m_FocalLength: 50
  m_NormalizedViewPortRect:
    serializedVersion: 2
    x: 0
    y: 0
    width: 1
    height: 1
  near clip plane: 0.3
  far clip plane: 1000
  field of view: 60
  orthographic: 0
  orthographic size: 5
  m_Depth: -1
  m_CullingMask:
    serializedVersion: 2
    m_Bits: 4294967295
  m_RenderingPath: -1
  m_TargetTexture: {fileID: 0}
  m_TargetDisplay: 0
  m_TargetEye: 3
  m_HDR: 1
  m_AllowMSAA: 1
  m_AllowDynamicResolution: 0
  m_ForceIntoRT: 0
  m_OcclusionCulling: 1
  m_StereoConvergence: 10
  m_StereoSeparation: 0.022
--- !u!4 &1256463549
Transform:
  m_ObjectHideFlags: 0
  m_CorrespondingSourceObject: {fileID: 0}
  m_PrefabInstance: {fileID: 0}
  m_PrefabAsset: {fileID: 0}
  m_GameObject: {fileID: 1256463546}
  m_LocalRotation: {x: 0, y: 0, z: 0, w: 1}
  m_LocalPosition: {x: 0, y: 1, z: -10}
  m_LocalScale: {x: 1, y: 1, z: 1}
  m_Children: []
  m_Father: {fileID: 0}
  m_RootOrder: 0
  m_LocalEulerAnglesHint: {x: 0, y: 0, z: 0}
--- !u!1001 &1536072823
PrefabInstance:
  m_ObjectHideFlags: 0
  serializedVersion: 2
  m_Modification:
    m_TransformParent: {fileID: 0}
    m_Modifications:
    - target: {fileID: 4463197011178970309, guid: fece64032b921394d89ce9a96a127ff4,
        type: 3}
      propertyPath: m_Name
      value: Initializer
      objectReference: {fileID: 0}
    - target: {fileID: 4463197011178970315, guid: fece64032b921394d89ce9a96a127ff4,
        type: 3}
      propertyPath: m_LocalPosition.x
      value: 318.23483
      objectReference: {fileID: 0}
    - target: {fileID: 4463197011178970315, guid: fece64032b921394d89ce9a96a127ff4,
        type: 3}
      propertyPath: m_LocalPosition.y
      value: 149.64734
      objectReference: {fileID: 0}
    - target: {fileID: 4463197011178970315, guid: fece64032b921394d89ce9a96a127ff4,
        type: 3}
      propertyPath: m_LocalPosition.z
      value: -4.875
      objectReference: {fileID: 0}
    - target: {fileID: 4463197011178970315, guid: fece64032b921394d89ce9a96a127ff4,
        type: 3}
      propertyPath: m_LocalRotation.x
      value: 0
      objectReference: {fileID: 0}
    - target: {fileID: 4463197011178970315, guid: fece64032b921394d89ce9a96a127ff4,
        type: 3}
      propertyPath: m_LocalRotation.y
      value: 0
      objectReference: {fileID: 0}
    - target: {fileID: 4463197011178970315, guid: fece64032b921394d89ce9a96a127ff4,
        type: 3}
      propertyPath: m_LocalRotation.z
      value: 0
      objectReference: {fileID: 0}
    - target: {fileID: 4463197011178970315, guid: fece64032b921394d89ce9a96a127ff4,
        type: 3}
      propertyPath: m_LocalRotation.w
      value: 1
      objectReference: {fileID: 0}
    - target: {fileID: 4463197011178970315, guid: fece64032b921394d89ce9a96a127ff4,
        type: 3}
      propertyPath: m_RootOrder
      value: 8
      objectReference: {fileID: 0}
    - target: {fileID: 4463197011178970315, guid: fece64032b921394d89ce9a96a127ff4,
        type: 3}
      propertyPath: m_LocalEulerAnglesHint.x
      value: 0
      objectReference: {fileID: 0}
    - target: {fileID: 4463197011178970315, guid: fece64032b921394d89ce9a96a127ff4,
        type: 3}
      propertyPath: m_LocalEulerAnglesHint.y
      value: 0
      objectReference: {fileID: 0}
    - target: {fileID: 4463197011178970315, guid: fece64032b921394d89ce9a96a127ff4,
        type: 3}
      propertyPath: m_LocalEulerAnglesHint.z
      value: 0
      objectReference: {fileID: 0}
    - target: {fileID: 4463197011178970308, guid: fece64032b921394d89ce9a96a127ff4,
        type: 3}
      propertyPath: gameController
      value: 
      objectReference: {fileID: 331688116}
    - target: {fileID: 4463197011178970308, guid: fece64032b921394d89ce9a96a127ff4,
        type: 3}
      propertyPath: timeline
      value: 
      objectReference: {fileID: 0}
    m_RemovedComponents: []
  m_SourcePrefab: {fileID: 100100000, guid: fece64032b921394d89ce9a96a127ff4, type: 3}
--- !u!225 &1867582678 stripped
CanvasGroup:
  m_CorrespondingSourceObject: {fileID: 8293988444985963267, guid: 4b88e8c182b22d34bb75cc3817409225,
    type: 3}
  m_PrefabInstance: {fileID: 1176374501}
  m_PrefabAsset: {fileID: 0}
