%YAML 1.1
%TAG !u! tag:unity3d.com,2011:
--- !u!29 &1
OcclusionCullingSettings:
  m_ObjectHideFlags: 0
  serializedVersion: 2
  m_OcclusionBakeSettings:
    smallestOccluder: 5
    smallestHole: 0.25
    backfaceThreshold: 100
  m_SceneGUID: 00000000000000000000000000000000
  m_OcclusionCullingData: {fileID: 0}
--- !u!104 &2
RenderSettings:
  m_ObjectHideFlags: 0
  serializedVersion: 9
  m_Fog: 0
  m_FogColor: {r: 0.5, g: 0.5, b: 0.5, a: 1}
  m_FogMode: 3
  m_FogDensity: 0.01
  m_LinearFogStart: 0
  m_LinearFogEnd: 300
  m_AmbientSkyColor: {r: 0.212, g: 0.227, b: 0.259, a: 1}
  m_AmbientEquatorColor: {r: 0.114, g: 0.125, b: 0.133, a: 1}
  m_AmbientGroundColor: {r: 0.047, g: 0.043, b: 0.035, a: 1}
  m_AmbientIntensity: 1
  m_AmbientMode: 0
  m_SubtractiveShadowColor: {r: 0.42, g: 0.478, b: 0.627, a: 1}
  m_SkyboxMaterial: {fileID: 10304, guid: 0000000000000000f000000000000000, type: 0}
  m_HaloStrength: 0.5
  m_FlareStrength: 1
  m_FlareFadeSpeed: 3
  m_HaloTexture: {fileID: 0}
  m_SpotCookie: {fileID: 10001, guid: 0000000000000000e000000000000000, type: 0}
  m_DefaultReflectionMode: 0
  m_DefaultReflectionResolution: 128
  m_ReflectionBounces: 1
  m_ReflectionIntensity: 1
  m_CustomReflection: {fileID: 0}
  m_Sun: {fileID: 0}
  m_IndirectSpecularColor: {r: 0.17922258, g: 0.22441268, b: 0.3061499, a: 1}
  m_UseRadianceAmbientProbe: 0
--- !u!157 &3
LightmapSettings:
  m_ObjectHideFlags: 0
  serializedVersion: 11
  m_GIWorkflowMode: 1
  m_GISettings:
    serializedVersion: 2
    m_BounceScale: 1
    m_IndirectOutputScale: 1
    m_AlbedoBoost: 1
    m_EnvironmentLightingMode: 0
    m_EnableBakedLightmaps: 1
    m_EnableRealtimeLightmaps: 1
  m_LightmapEditorSettings:
    serializedVersion: 10
    m_Resolution: 2
    m_BakeResolution: 40
    m_AtlasSize: 1024
    m_AO: 0
    m_AOMaxDistance: 1
    m_CompAOExponent: 1
    m_CompAOExponentDirect: 0
    m_Padding: 2
    m_LightmapParameters: {fileID: 0}
    m_LightmapsBakeMode: 1
    m_TextureCompression: 1
    m_FinalGather: 0
    m_FinalGatherFiltering: 1
    m_FinalGatherRayCount: 256
    m_ReflectionCompression: 2
    m_MixedBakeMode: 2
    m_BakeBackend: 1
    m_PVRSampling: 1
    m_PVRDirectSampleCount: 32
    m_PVRSampleCount: 500
    m_PVRBounces: 2
    m_PVRFilterTypeDirect: 0
    m_PVRFilterTypeIndirect: 0
    m_PVRFilterTypeAO: 0
    m_PVRFilteringMode: 1
    m_PVRCulling: 1
    m_PVRFilteringGaussRadiusDirect: 1
    m_PVRFilteringGaussRadiusIndirect: 5
    m_PVRFilteringGaussRadiusAO: 2
    m_PVRFilteringAtrousPositionSigmaDirect: 0.5
    m_PVRFilteringAtrousPositionSigmaIndirect: 2
    m_PVRFilteringAtrousPositionSigmaAO: 1
    m_ShowResolutionOverlay: 1
  m_LightingDataAsset: {fileID: 112000000, guid: fe95b49ac365c0e4c9782886a3885e2c,
    type: 2}
  m_UseShadowmask: 1
--- !u!196 &4
NavMeshSettings:
  serializedVersion: 2
  m_ObjectHideFlags: 0
  m_BuildSettings:
    serializedVersion: 2
    agentTypeID: 0
    agentRadius: 0.5
    agentHeight: 2
    agentSlope: 45
    agentClimb: 0.4
    ledgeDropHeight: 0
    maxJumpAcrossDistance: 0
    minRegionArea: 2
    manualCellSize: 0
    cellSize: 0.16666667
    manualTileSize: 0
    tileSize: 256
    accuratePlacement: 0
    debug:
      m_Flags: 0
  m_NavMeshData: {fileID: 0}
--- !u!1001 &41922873
PrefabInstance:
  m_ObjectHideFlags: 0
  serializedVersion: 2
  m_Modification:
    m_TransformParent: {fileID: 0}
    m_Modifications:
    - target: {fileID: 671247551094514041, guid: ffc55504cccc1d04aa86e9a51ef1f7cd,
        type: 3}
      propertyPath: m_Name
      value: MenuDialog
      objectReference: {fileID: 0}
    - target: {fileID: 671247551094514047, guid: ffc55504cccc1d04aa86e9a51ef1f7cd,
        type: 3}
      propertyPath: m_LocalPosition.x
      value: 0
      objectReference: {fileID: 0}
    - target: {fileID: 671247551094514047, guid: ffc55504cccc1d04aa86e9a51ef1f7cd,
        type: 3}
      propertyPath: m_LocalPosition.y
      value: 0
      objectReference: {fileID: 0}
    - target: {fileID: 671247551094514047, guid: ffc55504cccc1d04aa86e9a51ef1f7cd,
        type: 3}
      propertyPath: m_LocalPosition.z
      value: 0
      objectReference: {fileID: 0}
    - target: {fileID: 671247551094514047, guid: ffc55504cccc1d04aa86e9a51ef1f7cd,
        type: 3}
      propertyPath: m_LocalRotation.x
      value: 0
      objectReference: {fileID: 0}
    - target: {fileID: 671247551094514047, guid: ffc55504cccc1d04aa86e9a51ef1f7cd,
        type: 3}
      propertyPath: m_LocalRotation.y
      value: 0
      objectReference: {fileID: 0}
    - target: {fileID: 671247551094514047, guid: ffc55504cccc1d04aa86e9a51ef1f7cd,
        type: 3}
      propertyPath: m_LocalRotation.z
      value: 0
      objectReference: {fileID: 0}
    - target: {fileID: 671247551094514047, guid: ffc55504cccc1d04aa86e9a51ef1f7cd,
        type: 3}
      propertyPath: m_LocalRotation.w
      value: 1
      objectReference: {fileID: 0}
    - target: {fileID: 671247551094514047, guid: ffc55504cccc1d04aa86e9a51ef1f7cd,
        type: 3}
      propertyPath: m_RootOrder
      value: 2
      objectReference: {fileID: 0}
    - target: {fileID: 671247551094514047, guid: ffc55504cccc1d04aa86e9a51ef1f7cd,
        type: 3}
      propertyPath: m_LocalEulerAnglesHint.x
      value: 0
      objectReference: {fileID: 0}
    - target: {fileID: 671247551094514047, guid: ffc55504cccc1d04aa86e9a51ef1f7cd,
        type: 3}
      propertyPath: m_LocalEulerAnglesHint.y
      value: 0
      objectReference: {fileID: 0}
    - target: {fileID: 671247551094514047, guid: ffc55504cccc1d04aa86e9a51ef1f7cd,
        type: 3}
      propertyPath: m_LocalEulerAnglesHint.z
      value: 0
      objectReference: {fileID: 0}
    - target: {fileID: 671247551094514047, guid: ffc55504cccc1d04aa86e9a51ef1f7cd,
        type: 3}
      propertyPath: m_AnchoredPosition.x
      value: 0
      objectReference: {fileID: 0}
    - target: {fileID: 671247551094514047, guid: ffc55504cccc1d04aa86e9a51ef1f7cd,
        type: 3}
      propertyPath: m_AnchoredPosition.y
      value: 0
      objectReference: {fileID: 0}
    - target: {fileID: 671247551094514047, guid: ffc55504cccc1d04aa86e9a51ef1f7cd,
        type: 3}
      propertyPath: m_SizeDelta.x
      value: 0
      objectReference: {fileID: 0}
    - target: {fileID: 671247551094514047, guid: ffc55504cccc1d04aa86e9a51ef1f7cd,
        type: 3}
      propertyPath: m_SizeDelta.y
      value: 0
      objectReference: {fileID: 0}
    - target: {fileID: 671247551094514047, guid: ffc55504cccc1d04aa86e9a51ef1f7cd,
        type: 3}
      propertyPath: m_AnchorMin.x
      value: 0
      objectReference: {fileID: 0}
    - target: {fileID: 671247551094514047, guid: ffc55504cccc1d04aa86e9a51ef1f7cd,
        type: 3}
      propertyPath: m_AnchorMin.y
      value: 0
      objectReference: {fileID: 0}
    - target: {fileID: 671247551094514047, guid: ffc55504cccc1d04aa86e9a51ef1f7cd,
        type: 3}
      propertyPath: m_AnchorMax.x
      value: 0
      objectReference: {fileID: 0}
    - target: {fileID: 671247551094514047, guid: ffc55504cccc1d04aa86e9a51ef1f7cd,
        type: 3}
      propertyPath: m_AnchorMax.y
      value: 0
      objectReference: {fileID: 0}
    - target: {fileID: 671247551094514047, guid: ffc55504cccc1d04aa86e9a51ef1f7cd,
        type: 3}
      propertyPath: m_Pivot.x
      value: 0
      objectReference: {fileID: 0}
    - target: {fileID: 671247551094514047, guid: ffc55504cccc1d04aa86e9a51ef1f7cd,
        type: 3}
      propertyPath: m_Pivot.y
      value: 0
      objectReference: {fileID: 0}
    - target: {fileID: 671247550312929513, guid: ffc55504cccc1d04aa86e9a51ef1f7cd,
        type: 3}
      propertyPath: m_IsActive
      value: 0
      objectReference: {fileID: 0}
    m_RemovedComponents: []
  m_SourcePrefab: {fileID: 100100000, guid: ffc55504cccc1d04aa86e9a51ef1f7cd, type: 3}
--- !u!1001 &293909571
PrefabInstance:
  m_ObjectHideFlags: 0
  serializedVersion: 2
  m_Modification:
    m_TransformParent: {fileID: 0}
    m_Modifications:
    - target: {fileID: 1348516787324836372, guid: 4b88e8c182b22d34bb75cc3817409225,
        type: 3}
      propertyPath: m_Name
      value: Canvas
      objectReference: {fileID: 0}
    - target: {fileID: 1348516787324836372, guid: 4b88e8c182b22d34bb75cc3817409225,
        type: 3}
      propertyPath: m_IsActive
      value: 1
      objectReference: {fileID: 0}
    - target: {fileID: 1348516787324836376, guid: 4b88e8c182b22d34bb75cc3817409225,
        type: 3}
      propertyPath: m_LocalPosition.x
      value: 0
      objectReference: {fileID: 0}
    - target: {fileID: 1348516787324836376, guid: 4b88e8c182b22d34bb75cc3817409225,
        type: 3}
      propertyPath: m_LocalPosition.y
      value: 0
      objectReference: {fileID: 0}
    - target: {fileID: 1348516787324836376, guid: 4b88e8c182b22d34bb75cc3817409225,
        type: 3}
      propertyPath: m_LocalPosition.z
      value: 0
      objectReference: {fileID: 0}
    - target: {fileID: 1348516787324836376, guid: 4b88e8c182b22d34bb75cc3817409225,
        type: 3}
      propertyPath: m_LocalRotation.x
      value: 0
      objectReference: {fileID: 0}
    - target: {fileID: 1348516787324836376, guid: 4b88e8c182b22d34bb75cc3817409225,
        type: 3}
      propertyPath: m_LocalRotation.y
      value: 0
      objectReference: {fileID: 0}
    - target: {fileID: 1348516787324836376, guid: 4b88e8c182b22d34bb75cc3817409225,
        type: 3}
      propertyPath: m_LocalRotation.z
      value: 0
      objectReference: {fileID: 0}
    - target: {fileID: 1348516787324836376, guid: 4b88e8c182b22d34bb75cc3817409225,
        type: 3}
      propertyPath: m_LocalRotation.w
      value: 1
      objectReference: {fileID: 0}
    - target: {fileID: 1348516787324836376, guid: 4b88e8c182b22d34bb75cc3817409225,
        type: 3}
      propertyPath: m_RootOrder
      value: 8
      objectReference: {fileID: 0}
    - target: {fileID: 1348516787324836376, guid: 4b88e8c182b22d34bb75cc3817409225,
        type: 3}
      propertyPath: m_LocalEulerAnglesHint.x
      value: 0
      objectReference: {fileID: 0}
    - target: {fileID: 1348516787324836376, guid: 4b88e8c182b22d34bb75cc3817409225,
        type: 3}
      propertyPath: m_LocalEulerAnglesHint.y
      value: 0
      objectReference: {fileID: 0}
    - target: {fileID: 1348516787324836376, guid: 4b88e8c182b22d34bb75cc3817409225,
        type: 3}
      propertyPath: m_LocalEulerAnglesHint.z
      value: 0
      objectReference: {fileID: 0}
    - target: {fileID: 1348516787324836376, guid: 4b88e8c182b22d34bb75cc3817409225,
        type: 3}
      propertyPath: m_AnchoredPosition.x
      value: 0
      objectReference: {fileID: 0}
    - target: {fileID: 1348516787324836376, guid: 4b88e8c182b22d34bb75cc3817409225,
        type: 3}
      propertyPath: m_AnchoredPosition.y
      value: 0
      objectReference: {fileID: 0}
    - target: {fileID: 1348516787324836376, guid: 4b88e8c182b22d34bb75cc3817409225,
        type: 3}
      propertyPath: m_SizeDelta.x
      value: 0
      objectReference: {fileID: 0}
    - target: {fileID: 1348516787324836376, guid: 4b88e8c182b22d34bb75cc3817409225,
        type: 3}
      propertyPath: m_SizeDelta.y
      value: 0
      objectReference: {fileID: 0}
    - target: {fileID: 1348516787324836376, guid: 4b88e8c182b22d34bb75cc3817409225,
        type: 3}
      propertyPath: m_AnchorMin.x
      value: 0
      objectReference: {fileID: 0}
    - target: {fileID: 1348516787324836376, guid: 4b88e8c182b22d34bb75cc3817409225,
        type: 3}
      propertyPath: m_AnchorMin.y
      value: 0
      objectReference: {fileID: 0}
    - target: {fileID: 1348516787324836376, guid: 4b88e8c182b22d34bb75cc3817409225,
        type: 3}
      propertyPath: m_AnchorMax.x
      value: 0
      objectReference: {fileID: 0}
    - target: {fileID: 1348516787324836376, guid: 4b88e8c182b22d34bb75cc3817409225,
        type: 3}
      propertyPath: m_AnchorMax.y
      value: 0
      objectReference: {fileID: 0}
    - target: {fileID: 1348516787324836376, guid: 4b88e8c182b22d34bb75cc3817409225,
        type: 3}
      propertyPath: m_Pivot.x
      value: 0
      objectReference: {fileID: 0}
    - target: {fileID: 1348516787324836376, guid: 4b88e8c182b22d34bb75cc3817409225,
        type: 3}
      propertyPath: m_Pivot.y
      value: 0
      objectReference: {fileID: 0}
    - target: {fileID: 8758375448363635026, guid: 4b88e8c182b22d34bb75cc3817409225,
        type: 3}
      propertyPath: m_havePropertiesChanged
      value: 1
      objectReference: {fileID: 0}
    - target: {fileID: 8758375448363635026, guid: 4b88e8c182b22d34bb75cc3817409225,
        type: 3}
      propertyPath: m_isInputParsingRequired
      value: 1
      objectReference: {fileID: 0}
    - target: {fileID: 849550907993143982, guid: 4b88e8c182b22d34bb75cc3817409225,
        type: 3}
      propertyPath: m_havePropertiesChanged
      value: 1
      objectReference: {fileID: 0}
    - target: {fileID: 849550907993143982, guid: 4b88e8c182b22d34bb75cc3817409225,
        type: 3}
      propertyPath: m_isInputParsingRequired
      value: 1
      objectReference: {fileID: 0}
    - target: {fileID: 4257973069094061939, guid: 4b88e8c182b22d34bb75cc3817409225,
        type: 3}
      propertyPath: m_havePropertiesChanged
      value: 1
      objectReference: {fileID: 0}
    - target: {fileID: 4257973069094061939, guid: 4b88e8c182b22d34bb75cc3817409225,
        type: 3}
      propertyPath: m_isInputParsingRequired
      value: 1
      objectReference: {fileID: 0}
    - target: {fileID: 279773734774482206, guid: 4b88e8c182b22d34bb75cc3817409225,
        type: 3}
      propertyPath: m_havePropertiesChanged
      value: 1
      objectReference: {fileID: 0}
    - target: {fileID: 279773734774482206, guid: 4b88e8c182b22d34bb75cc3817409225,
        type: 3}
      propertyPath: m_isInputParsingRequired
      value: 1
      objectReference: {fileID: 0}
    - target: {fileID: 649136966431068273, guid: 4b88e8c182b22d34bb75cc3817409225,
        type: 3}
      propertyPath: m_havePropertiesChanged
      value: 1
      objectReference: {fileID: 0}
    - target: {fileID: 649136966431068273, guid: 4b88e8c182b22d34bb75cc3817409225,
        type: 3}
      propertyPath: m_isInputParsingRequired
      value: 1
      objectReference: {fileID: 0}
    - target: {fileID: 8233577117789894206, guid: 4b88e8c182b22d34bb75cc3817409225,
        type: 3}
      propertyPath: m_havePropertiesChanged
      value: 1
      objectReference: {fileID: 0}
    - target: {fileID: 8233577117789894206, guid: 4b88e8c182b22d34bb75cc3817409225,
        type: 3}
      propertyPath: m_isInputParsingRequired
      value: 1
      objectReference: {fileID: 0}
    - target: {fileID: 2238951696514632308, guid: 4b88e8c182b22d34bb75cc3817409225,
        type: 3}
      propertyPath: m_havePropertiesChanged
      value: 1
      objectReference: {fileID: 0}
    - target: {fileID: 2238951696514632308, guid: 4b88e8c182b22d34bb75cc3817409225,
        type: 3}
      propertyPath: m_isInputParsingRequired
      value: 1
      objectReference: {fileID: 0}
    - target: {fileID: 187453467030576428, guid: 4b88e8c182b22d34bb75cc3817409225,
        type: 3}
      propertyPath: m_havePropertiesChanged
      value: 1
      objectReference: {fileID: 0}
    - target: {fileID: 187453467030576428, guid: 4b88e8c182b22d34bb75cc3817409225,
        type: 3}
      propertyPath: m_isInputParsingRequired
      value: 1
      objectReference: {fileID: 0}
    - target: {fileID: 5865850947292351182, guid: 4b88e8c182b22d34bb75cc3817409225,
        type: 3}
      propertyPath: m_AnchoredPosition.y
      value: 37.75
      objectReference: {fileID: 0}
    - target: {fileID: 8011867436474130289, guid: 4b88e8c182b22d34bb75cc3817409225,
        type: 3}
      propertyPath: m_AnchoredPosition.y
      value: -12.625
      objectReference: {fileID: 0}
    - target: {fileID: 535816882051273755, guid: 4b88e8c182b22d34bb75cc3817409225,
        type: 3}
      propertyPath: m_AnchoredPosition.x
      value: -6.5
      objectReference: {fileID: 0}
    - target: {fileID: 535816882051273755, guid: 4b88e8c182b22d34bb75cc3817409225,
        type: 3}
      propertyPath: m_AnchoredPosition.y
      value: -6
      objectReference: {fileID: 0}
    - target: {fileID: 6974983209605120255, guid: 4b88e8c182b22d34bb75cc3817409225,
        type: 3}
      propertyPath: m_AnchoredPosition.x
      value: 53
      objectReference: {fileID: 0}
    - target: {fileID: 2191334092191983507, guid: 4b88e8c182b22d34bb75cc3817409225,
        type: 3}
      propertyPath: m_AnchoredPosition.x
      value: 53
      objectReference: {fileID: 0}
    - target: {fileID: 2909228509398401652, guid: 4b88e8c182b22d34bb75cc3817409225,
        type: 3}
      propertyPath: m_AnchoredPosition.x
      value: 53
      objectReference: {fileID: 0}
    - target: {fileID: 5191676674124519798, guid: 4b88e8c182b22d34bb75cc3817409225,
        type: 3}
      propertyPath: m_AnchoredPosition.y
      value: -47.625
      objectReference: {fileID: 0}
    - target: {fileID: 8446446977057182434, guid: 4b88e8c182b22d34bb75cc3817409225,
        type: 3}
      propertyPath: m_RootOrder
      value: 3
      objectReference: {fileID: 0}
    m_RemovedComponents: []
  m_SourcePrefab: {fileID: 100100000, guid: 4b88e8c182b22d34bb75cc3817409225, type: 3}
--- !u!1001 &304771098
PrefabInstance:
  m_ObjectHideFlags: 0
  serializedVersion: 2
  m_Modification:
    m_TransformParent: {fileID: 937782367}
    m_Modifications:
    - target: {fileID: 4151107523669271082, guid: 91dd1732262c3264aa33796fed2aaace,
        type: 3}
      propertyPath: m_Name
      value: Dante
      objectReference: {fileID: 0}
    - target: {fileID: 6734028305142975796, guid: 91dd1732262c3264aa33796fed2aaace,
        type: 3}
      propertyPath: m_LocalPosition.x
      value: 0
      objectReference: {fileID: 0}
    - target: {fileID: 6734028305142975796, guid: 91dd1732262c3264aa33796fed2aaace,
        type: 3}
      propertyPath: m_LocalPosition.y
      value: 0
      objectReference: {fileID: 0}
    - target: {fileID: 6734028305142975796, guid: 91dd1732262c3264aa33796fed2aaace,
        type: 3}
      propertyPath: m_LocalPosition.z
      value: 0
      objectReference: {fileID: 0}
    - target: {fileID: 6734028305142975796, guid: 91dd1732262c3264aa33796fed2aaace,
        type: 3}
      propertyPath: m_LocalRotation.x
      value: -0
      objectReference: {fileID: 0}
    - target: {fileID: 6734028305142975796, guid: 91dd1732262c3264aa33796fed2aaace,
        type: 3}
      propertyPath: m_LocalRotation.y
      value: -0
      objectReference: {fileID: 0}
    - target: {fileID: 6734028305142975796, guid: 91dd1732262c3264aa33796fed2aaace,
        type: 3}
      propertyPath: m_LocalRotation.z
      value: -0
      objectReference: {fileID: 0}
    - target: {fileID: 6734028305142975796, guid: 91dd1732262c3264aa33796fed2aaace,
        type: 3}
      propertyPath: m_LocalRotation.w
      value: 1
      objectReference: {fileID: 0}
    - target: {fileID: 6734028305142975796, guid: 91dd1732262c3264aa33796fed2aaace,
        type: 3}
      propertyPath: m_RootOrder
      value: 2
      objectReference: {fileID: 0}
    - target: {fileID: 6734028305142975796, guid: 91dd1732262c3264aa33796fed2aaace,
        type: 3}
      propertyPath: m_LocalEulerAnglesHint.x
      value: 0
      objectReference: {fileID: 0}
    - target: {fileID: 6734028305142975796, guid: 91dd1732262c3264aa33796fed2aaace,
        type: 3}
      propertyPath: m_LocalEulerAnglesHint.y
      value: 0
      objectReference: {fileID: 0}
    - target: {fileID: 6734028305142975796, guid: 91dd1732262c3264aa33796fed2aaace,
        type: 3}
      propertyPath: m_LocalEulerAnglesHint.z
      value: 0
      objectReference: {fileID: 0}
    - target: {fileID: 6734028305142975796, guid: 91dd1732262c3264aa33796fed2aaace,
        type: 3}
      propertyPath: m_AnchoredPosition.x
      value: -50
      objectReference: {fileID: 0}
    - target: {fileID: 6734028305142975796, guid: 91dd1732262c3264aa33796fed2aaace,
        type: 3}
      propertyPath: m_AnchoredPosition.y
      value: -43
      objectReference: {fileID: 0}
    - target: {fileID: 6734028305142975796, guid: 91dd1732262c3264aa33796fed2aaace,
        type: 3}
      propertyPath: m_SizeDelta.x
      value: 668.4
      objectReference: {fileID: 0}
    - target: {fileID: 6734028305142975796, guid: 91dd1732262c3264aa33796fed2aaace,
        type: 3}
      propertyPath: m_SizeDelta.y
      value: 580.9
      objectReference: {fileID: 0}
    - target: {fileID: 6734028305142975796, guid: 91dd1732262c3264aa33796fed2aaace,
        type: 3}
      propertyPath: m_AnchorMin.x
      value: 0.5
      objectReference: {fileID: 0}
    - target: {fileID: 6734028305142975796, guid: 91dd1732262c3264aa33796fed2aaace,
        type: 3}
      propertyPath: m_AnchorMin.y
      value: 0.5
      objectReference: {fileID: 0}
    - target: {fileID: 6734028305142975796, guid: 91dd1732262c3264aa33796fed2aaace,
        type: 3}
      propertyPath: m_AnchorMax.x
      value: 0.5
      objectReference: {fileID: 0}
    - target: {fileID: 6734028305142975796, guid: 91dd1732262c3264aa33796fed2aaace,
        type: 3}
      propertyPath: m_AnchorMax.y
      value: 0.5
      objectReference: {fileID: 0}
    - target: {fileID: 6734028305142975796, guid: 91dd1732262c3264aa33796fed2aaace,
        type: 3}
      propertyPath: m_Pivot.x
      value: 0.5
      objectReference: {fileID: 0}
    - target: {fileID: 6734028305142975796, guid: 91dd1732262c3264aa33796fed2aaace,
        type: 3}
      propertyPath: m_Pivot.y
      value: 0.5
      objectReference: {fileID: 0}
    - target: {fileID: 6734028305142975796, guid: 91dd1732262c3264aa33796fed2aaace,
        type: 3}
      propertyPath: m_LocalScale.x
      value: 0.88300216
      objectReference: {fileID: 0}
    - target: {fileID: 6734028305142975796, guid: 91dd1732262c3264aa33796fed2aaace,
        type: 3}
      propertyPath: m_LocalScale.y
      value: 0.88300216
      objectReference: {fileID: 0}
    - target: {fileID: 6734028305142975796, guid: 91dd1732262c3264aa33796fed2aaace,
        type: 3}
      propertyPath: m_LocalScale.z
      value: 0.88300216
      objectReference: {fileID: 0}
    m_RemovedComponents: []
  m_SourcePrefab: {fileID: 100100000, guid: 91dd1732262c3264aa33796fed2aaace, type: 3}
--- !u!1001 &316411481
PrefabInstance:
  m_ObjectHideFlags: 0
  serializedVersion: 2
  m_Modification:
    m_TransformParent: {fileID: 0}
    m_Modifications:
    - target: {fileID: 6132234514833173157, guid: 2ee0678986cd2964fa0df39c1115a888,
        type: 3}
      propertyPath: m_Name
      value: TextBox
      objectReference: {fileID: 0}
    - target: {fileID: 5116170062529455644, guid: 2ee0678986cd2964fa0df39c1115a888,
        type: 3}
      propertyPath: m_LocalPosition.x
      value: 0
      objectReference: {fileID: 0}
    - target: {fileID: 5116170062529455644, guid: 2ee0678986cd2964fa0df39c1115a888,
        type: 3}
      propertyPath: m_LocalPosition.y
      value: 0
      objectReference: {fileID: 0}
    - target: {fileID: 5116170062529455644, guid: 2ee0678986cd2964fa0df39c1115a888,
        type: 3}
      propertyPath: m_LocalPosition.z
      value: 0
      objectReference: {fileID: 0}
    - target: {fileID: 5116170062529455644, guid: 2ee0678986cd2964fa0df39c1115a888,
        type: 3}
      propertyPath: m_LocalRotation.x
      value: 0
      objectReference: {fileID: 0}
    - target: {fileID: 5116170062529455644, guid: 2ee0678986cd2964fa0df39c1115a888,
        type: 3}
      propertyPath: m_LocalRotation.y
      value: 0
      objectReference: {fileID: 0}
    - target: {fileID: 5116170062529455644, guid: 2ee0678986cd2964fa0df39c1115a888,
        type: 3}
      propertyPath: m_LocalRotation.z
      value: 0
      objectReference: {fileID: 0}
    - target: {fileID: 5116170062529455644, guid: 2ee0678986cd2964fa0df39c1115a888,
        type: 3}
      propertyPath: m_LocalRotation.w
      value: 1
      objectReference: {fileID: 0}
    - target: {fileID: 5116170062529455644, guid: 2ee0678986cd2964fa0df39c1115a888,
        type: 3}
      propertyPath: m_RootOrder
      value: 3
      objectReference: {fileID: 0}
    - target: {fileID: 5116170062529455644, guid: 2ee0678986cd2964fa0df39c1115a888,
        type: 3}
      propertyPath: m_LocalEulerAnglesHint.x
      value: 0
      objectReference: {fileID: 0}
    - target: {fileID: 5116170062529455644, guid: 2ee0678986cd2964fa0df39c1115a888,
        type: 3}
      propertyPath: m_LocalEulerAnglesHint.y
      value: 0
      objectReference: {fileID: 0}
    - target: {fileID: 5116170062529455644, guid: 2ee0678986cd2964fa0df39c1115a888,
        type: 3}
      propertyPath: m_LocalEulerAnglesHint.z
      value: 0
      objectReference: {fileID: 0}
    - target: {fileID: 5116170062529455644, guid: 2ee0678986cd2964fa0df39c1115a888,
        type: 3}
      propertyPath: m_AnchoredPosition.x
      value: 0
      objectReference: {fileID: 0}
    - target: {fileID: 5116170062529455644, guid: 2ee0678986cd2964fa0df39c1115a888,
        type: 3}
      propertyPath: m_AnchoredPosition.y
      value: 0
      objectReference: {fileID: 0}
    - target: {fileID: 5116170062529455644, guid: 2ee0678986cd2964fa0df39c1115a888,
        type: 3}
      propertyPath: m_SizeDelta.x
      value: 0
      objectReference: {fileID: 0}
    - target: {fileID: 5116170062529455644, guid: 2ee0678986cd2964fa0df39c1115a888,
        type: 3}
      propertyPath: m_SizeDelta.y
      value: 0
      objectReference: {fileID: 0}
    - target: {fileID: 5116170062529455644, guid: 2ee0678986cd2964fa0df39c1115a888,
        type: 3}
      propertyPath: m_AnchorMin.x
      value: 0
      objectReference: {fileID: 0}
    - target: {fileID: 5116170062529455644, guid: 2ee0678986cd2964fa0df39c1115a888,
        type: 3}
      propertyPath: m_AnchorMin.y
      value: 0
      objectReference: {fileID: 0}
    - target: {fileID: 5116170062529455644, guid: 2ee0678986cd2964fa0df39c1115a888,
        type: 3}
      propertyPath: m_AnchorMax.x
      value: 0
      objectReference: {fileID: 0}
    - target: {fileID: 5116170062529455644, guid: 2ee0678986cd2964fa0df39c1115a888,
        type: 3}
      propertyPath: m_AnchorMax.y
      value: 0
      objectReference: {fileID: 0}
    - target: {fileID: 5116170062529455644, guid: 2ee0678986cd2964fa0df39c1115a888,
        type: 3}
      propertyPath: m_Pivot.x
      value: 0
      objectReference: {fileID: 0}
    - target: {fileID: 5116170062529455644, guid: 2ee0678986cd2964fa0df39c1115a888,
        type: 3}
      propertyPath: m_Pivot.y
      value: 0
      objectReference: {fileID: 0}
    - target: {fileID: 730199365636832524, guid: 2ee0678986cd2964fa0df39c1115a888,
        type: 3}
      propertyPath: m_AnchoredPosition.x
      value: 17.300781
      objectReference: {fileID: 0}
    - target: {fileID: 6078853981924242436, guid: 2ee0678986cd2964fa0df39c1115a888,
        type: 3}
      propertyPath: m_AnchoredPosition.x
      value: -20.845703
      objectReference: {fileID: 0}
    - target: {fileID: 5127523982594049508, guid: 2ee0678986cd2964fa0df39c1115a888,
        type: 3}
      propertyPath: m_AnchoredPosition.y
      value: 0.000030517578
      objectReference: {fileID: 0}
    - target: {fileID: 1044454986579829798, guid: 2ee0678986cd2964fa0df39c1115a888,
        type: 3}
      propertyPath: m_AnchoredPosition.x
      value: 8.299988
      objectReference: {fileID: 0}
    - target: {fileID: 2889494798473153741, guid: 2ee0678986cd2964fa0df39c1115a888,
        type: 3}
      propertyPath: m_Text
      value: Dante
      objectReference: {fileID: 0}
    - target: {fileID: 751643394304857519, guid: 2ee0678986cd2964fa0df39c1115a888,
        type: 3}
      propertyPath: m_TagString
      value: Untagged
      objectReference: {fileID: 0}
    m_RemovedComponents: []
  m_SourcePrefab: {fileID: 100100000, guid: 2ee0678986cd2964fa0df39c1115a888, type: 3}
--- !u!1 &398952113
GameObject:
  m_ObjectHideFlags: 0
  m_CorrespondingSourceObject: {fileID: 0}
  m_PrefabInstance: {fileID: 0}
  m_PrefabAsset: {fileID: 0}
  serializedVersion: 6
  m_Component:
  - component: {fileID: 398952115}
  - component: {fileID: 398952114}
  m_Layer: 0
  m_Name: FadeToBlackView
  m_TagString: Untagged
  m_Icon: {fileID: 5721338939258241955, guid: 0000000000000000d000000000000000, type: 0}
  m_NavMeshLayer: 0
  m_StaticEditorFlags: 0
  m_IsActive: 1
--- !u!114 &398952114
MonoBehaviour:
  m_ObjectHideFlags: 0
  m_CorrespondingSourceObject: {fileID: 0}
  m_PrefabInstance: {fileID: 0}
  m_PrefabAsset: {fileID: 0}
  m_GameObject: {fileID: 398952113}
  m_Enabled: 1
  m_EditorHideFlags: 0
  m_Script: {fileID: 11500000, guid: 95c387d3e32404bcc91c60318d766bb1, type: 3}
  m_Name: 
  m_EditorClassIdentifier: 
--- !u!4 &398952115
Transform:
  m_ObjectHideFlags: 0
  m_CorrespondingSourceObject: {fileID: 0}
  m_PrefabInstance: {fileID: 0}
  m_PrefabAsset: {fileID: 0}
  m_GameObject: {fileID: 398952113}
  m_LocalRotation: {x: -0, y: -0, z: -0, w: 1}
  m_LocalPosition: {x: -44.625, y: 23.125, z: 0}
  m_LocalScale: {x: 1, y: 1, z: 1}
  m_Children:
  - {fileID: 1651019260}
  - {fileID: 568978601}
  m_Father: {fileID: 1537277609}
  m_RootOrder: 2
  m_LocalEulerAnglesHint: {x: 0, y: 0, z: 0}
--- !u!1001 &401551082
PrefabInstance:
  m_ObjectHideFlags: 0
  serializedVersion: 2
  m_Modification:
    m_TransformParent: {fileID: 0}
    m_Modifications:
    - target: {fileID: 700957182926203710, guid: 70e5e9acad6b7344d83a3da52e2deacd,
        type: 3}
      propertyPath: m_Name
      value: TimelineCanvas
      objectReference: {fileID: 0}
    - target: {fileID: 1742463899238663437, guid: 70e5e9acad6b7344d83a3da52e2deacd,
        type: 3}
      propertyPath: m_LocalPosition.x
      value: 0
      objectReference: {fileID: 0}
    - target: {fileID: 1742463899238663437, guid: 70e5e9acad6b7344d83a3da52e2deacd,
        type: 3}
      propertyPath: m_LocalPosition.y
      value: 0
      objectReference: {fileID: 0}
    - target: {fileID: 1742463899238663437, guid: 70e5e9acad6b7344d83a3da52e2deacd,
        type: 3}
      propertyPath: m_LocalPosition.z
      value: 0
      objectReference: {fileID: 0}
    - target: {fileID: 1742463899238663437, guid: 70e5e9acad6b7344d83a3da52e2deacd,
        type: 3}
      propertyPath: m_LocalRotation.x
      value: 0
      objectReference: {fileID: 0}
    - target: {fileID: 1742463899238663437, guid: 70e5e9acad6b7344d83a3da52e2deacd,
        type: 3}
      propertyPath: m_LocalRotation.y
      value: 0
      objectReference: {fileID: 0}
    - target: {fileID: 1742463899238663437, guid: 70e5e9acad6b7344d83a3da52e2deacd,
        type: 3}
      propertyPath: m_LocalRotation.z
      value: 0
      objectReference: {fileID: 0}
    - target: {fileID: 1742463899238663437, guid: 70e5e9acad6b7344d83a3da52e2deacd,
        type: 3}
      propertyPath: m_LocalRotation.w
      value: 1
      objectReference: {fileID: 0}
    - target: {fileID: 1742463899238663437, guid: 70e5e9acad6b7344d83a3da52e2deacd,
        type: 3}
      propertyPath: m_RootOrder
      value: 6
      objectReference: {fileID: 0}
    - target: {fileID: 1742463899238663437, guid: 70e5e9acad6b7344d83a3da52e2deacd,
        type: 3}
      propertyPath: m_LocalEulerAnglesHint.x
      value: 0
      objectReference: {fileID: 0}
    - target: {fileID: 1742463899238663437, guid: 70e5e9acad6b7344d83a3da52e2deacd,
        type: 3}
      propertyPath: m_LocalEulerAnglesHint.y
      value: 0
      objectReference: {fileID: 0}
    - target: {fileID: 1742463899238663437, guid: 70e5e9acad6b7344d83a3da52e2deacd,
        type: 3}
      propertyPath: m_LocalEulerAnglesHint.z
      value: 0
      objectReference: {fileID: 0}
    - target: {fileID: 1742463899238663437, guid: 70e5e9acad6b7344d83a3da52e2deacd,
        type: 3}
      propertyPath: m_AnchoredPosition.x
      value: 0
      objectReference: {fileID: 0}
    - target: {fileID: 1742463899238663437, guid: 70e5e9acad6b7344d83a3da52e2deacd,
        type: 3}
      propertyPath: m_AnchoredPosition.y
      value: 0
      objectReference: {fileID: 0}
    - target: {fileID: 1742463899238663437, guid: 70e5e9acad6b7344d83a3da52e2deacd,
        type: 3}
      propertyPath: m_SizeDelta.x
      value: 0
      objectReference: {fileID: 0}
    - target: {fileID: 1742463899238663437, guid: 70e5e9acad6b7344d83a3da52e2deacd,
        type: 3}
      propertyPath: m_SizeDelta.y
      value: 0
      objectReference: {fileID: 0}
    - target: {fileID: 1742463899238663437, guid: 70e5e9acad6b7344d83a3da52e2deacd,
        type: 3}
      propertyPath: m_AnchorMin.x
      value: 0
      objectReference: {fileID: 0}
    - target: {fileID: 1742463899238663437, guid: 70e5e9acad6b7344d83a3da52e2deacd,
        type: 3}
      propertyPath: m_AnchorMin.y
      value: 0
      objectReference: {fileID: 0}
    - target: {fileID: 1742463899238663437, guid: 70e5e9acad6b7344d83a3da52e2deacd,
        type: 3}
      propertyPath: m_AnchorMax.x
      value: 0
      objectReference: {fileID: 0}
    - target: {fileID: 1742463899238663437, guid: 70e5e9acad6b7344d83a3da52e2deacd,
        type: 3}
      propertyPath: m_AnchorMax.y
      value: 0
      objectReference: {fileID: 0}
    - target: {fileID: 1742463899238663437, guid: 70e5e9acad6b7344d83a3da52e2deacd,
        type: 3}
      propertyPath: m_Pivot.x
      value: 0
      objectReference: {fileID: 0}
    - target: {fileID: 1742463899238663437, guid: 70e5e9acad6b7344d83a3da52e2deacd,
        type: 3}
      propertyPath: m_Pivot.y
      value: 0
      objectReference: {fileID: 0}
    - target: {fileID: 1403870877370120278, guid: 70e5e9acad6b7344d83a3da52e2deacd,
        type: 3}
      propertyPath: m_havePropertiesChanged
      value: 1
      objectReference: {fileID: 0}
    - target: {fileID: 1403870877370120278, guid: 70e5e9acad6b7344d83a3da52e2deacd,
        type: 3}
      propertyPath: m_isInputParsingRequired
      value: 1
      objectReference: {fileID: 0}
    - target: {fileID: 7920560085413210880, guid: 70e5e9acad6b7344d83a3da52e2deacd,
        type: 3}
      propertyPath: m_havePropertiesChanged
      value: 1
      objectReference: {fileID: 0}
    - target: {fileID: 7920560085413210880, guid: 70e5e9acad6b7344d83a3da52e2deacd,
        type: 3}
      propertyPath: m_isInputParsingRequired
      value: 1
      objectReference: {fileID: 0}
    - target: {fileID: 362671939623091585, guid: 70e5e9acad6b7344d83a3da52e2deacd,
        type: 3}
      propertyPath: m_havePropertiesChanged
      value: 1
      objectReference: {fileID: 0}
    - target: {fileID: 362671939623091585, guid: 70e5e9acad6b7344d83a3da52e2deacd,
        type: 3}
      propertyPath: m_isInputParsingRequired
      value: 1
      objectReference: {fileID: 0}
    - target: {fileID: 6275827590775321726, guid: 70e5e9acad6b7344d83a3da52e2deacd,
        type: 3}
      propertyPath: m_havePropertiesChanged
      value: 1
      objectReference: {fileID: 0}
    - target: {fileID: 6275827590775321726, guid: 70e5e9acad6b7344d83a3da52e2deacd,
        type: 3}
      propertyPath: m_isInputParsingRequired
      value: 1
      objectReference: {fileID: 0}
    - target: {fileID: 4441151107195629377, guid: 70e5e9acad6b7344d83a3da52e2deacd,
        type: 3}
      propertyPath: m_havePropertiesChanged
      value: 1
      objectReference: {fileID: 0}
    - target: {fileID: 4441151107195629377, guid: 70e5e9acad6b7344d83a3da52e2deacd,
        type: 3}
      propertyPath: m_isInputParsingRequired
      value: 1
      objectReference: {fileID: 0}
    - target: {fileID: 5541699725021671740, guid: 70e5e9acad6b7344d83a3da52e2deacd,
        type: 3}
      propertyPath: m_havePropertiesChanged
      value: 1
      objectReference: {fileID: 0}
    - target: {fileID: 5541699725021671740, guid: 70e5e9acad6b7344d83a3da52e2deacd,
        type: 3}
      propertyPath: m_isInputParsingRequired
      value: 1
      objectReference: {fileID: 0}
    - target: {fileID: 1640366768435678999, guid: 70e5e9acad6b7344d83a3da52e2deacd,
        type: 3}
      propertyPath: m_havePropertiesChanged
      value: 1
      objectReference: {fileID: 0}
    - target: {fileID: 1640366768435678999, guid: 70e5e9acad6b7344d83a3da52e2deacd,
        type: 3}
      propertyPath: m_isInputParsingRequired
      value: 1
      objectReference: {fileID: 0}
    - target: {fileID: 7502287507341070687, guid: 70e5e9acad6b7344d83a3da52e2deacd,
        type: 3}
      propertyPath: m_AnchoredPosition.x
      value: -3.7999878
      objectReference: {fileID: 0}
    m_RemovedComponents: []
  m_SourcePrefab: {fileID: 100100000, guid: 70e5e9acad6b7344d83a3da52e2deacd, type: 3}
--- !u!1 &460044403
GameObject:
  m_ObjectHideFlags: 0
  m_CorrespondingSourceObject: {fileID: 0}
  m_PrefabInstance: {fileID: 0}
  m_PrefabAsset: {fileID: 0}
  serializedVersion: 6
  m_Component:
  - component: {fileID: 460044407}
  - component: {fileID: 460044406}
  - component: {fileID: 460044405}
  - component: {fileID: 460044404}
  m_Layer: 0
  m_Name: EventSystem
  m_TagString: Untagged
  m_Icon: {fileID: 0}
  m_NavMeshLayer: 0
  m_StaticEditorFlags: 0
  m_IsActive: 1
--- !u!114 &460044404
MonoBehaviour:
  m_ObjectHideFlags: 0
  m_CorrespondingSourceObject: {fileID: 0}
  m_PrefabInstance: {fileID: 0}
  m_PrefabAsset: {fileID: 0}
  m_GameObject: {fileID: 460044403}
  m_Enabled: 1
  m_EditorHideFlags: 0
  m_Script: {fileID: 1997211142, guid: f5f67c52d1564df4a8936ccd202a3bd8, type: 3}
  m_Name: 
  m_EditorClassIdentifier: 
  m_ForceModuleActive: 0
--- !u!114 &460044405
MonoBehaviour:
  m_ObjectHideFlags: 0
  m_CorrespondingSourceObject: {fileID: 0}
  m_PrefabInstance: {fileID: 0}
  m_PrefabAsset: {fileID: 0}
  m_GameObject: {fileID: 460044403}
  m_Enabled: 1
  m_EditorHideFlags: 0
  m_Script: {fileID: 1077351063, guid: f5f67c52d1564df4a8936ccd202a3bd8, type: 3}
  m_Name: 
  m_EditorClassIdentifier: 
  m_HorizontalAxis: Horizontal
  m_VerticalAxis: Vertical
  m_SubmitButton: Submit
  m_CancelButton: Cancel
  m_InputActionsPerSecond: 10
  m_RepeatDelay: 0.5
  m_ForceModuleActive: 0
--- !u!114 &460044406
MonoBehaviour:
  m_ObjectHideFlags: 0
  m_CorrespondingSourceObject: {fileID: 0}
  m_PrefabInstance: {fileID: 0}
  m_PrefabAsset: {fileID: 0}
  m_GameObject: {fileID: 460044403}
  m_Enabled: 1
  m_EditorHideFlags: 0
  m_Script: {fileID: -619905303, guid: f5f67c52d1564df4a8936ccd202a3bd8, type: 3}
  m_Name: 
  m_EditorClassIdentifier: 
  m_FirstSelected: {fileID: 0}
  m_sendNavigationEvents: 1
  m_DragThreshold: 5
--- !u!4 &460044407
Transform:
  m_ObjectHideFlags: 0
  m_CorrespondingSourceObject: {fileID: 0}
  m_PrefabInstance: {fileID: 0}
  m_PrefabAsset: {fileID: 0}
  m_GameObject: {fileID: 460044403}
  m_LocalRotation: {x: 0, y: 0, z: 0, w: 1}
  m_LocalPosition: {x: 0, y: 0, z: 0}
  m_LocalScale: {x: 1, y: 1, z: 1}
  m_Children: []
  m_Father: {fileID: 0}
  m_RootOrder: 7
  m_LocalEulerAnglesHint: {x: 0, y: 0, z: 0}
--- !u!1 &568978600
GameObject:
  m_ObjectHideFlags: 0
  m_CorrespondingSourceObject: {fileID: 0}
  m_PrefabInstance: {fileID: 0}
  m_PrefabAsset: {fileID: 0}
  serializedVersion: 6
  m_Component:
  - component: {fileID: 568978601}
  - component: {fileID: 568978603}
  - component: {fileID: 568978602}
  m_Layer: 5
  m_Name: Character
  m_TagString: Untagged
  m_Icon: {fileID: 0}
  m_NavMeshLayer: 0
  m_StaticEditorFlags: 0
  m_IsActive: 1
--- !u!224 &568978601
RectTransform:
  m_ObjectHideFlags: 0
  m_CorrespondingSourceObject: {fileID: 0}
  m_PrefabInstance: {fileID: 0}
  m_PrefabAsset: {fileID: 0}
  m_GameObject: {fileID: 568978600}
  m_LocalRotation: {x: -0, y: -0, z: -0, w: 1}
  m_LocalPosition: {x: 0, y: 0, z: 0}
  m_LocalScale: {x: 1, y: 1, z: 1}
  m_Children: []
  m_Father: {fileID: 398952115}
  m_RootOrder: 1
  m_LocalEulerAnglesHint: {x: 0, y: 0, z: 0}
  m_AnchorMin: {x: 0.5, y: 0.5}
  m_AnchorMax: {x: 0.5, y: 0.5}
  m_AnchoredPosition: {x: -0.04499817, y: -0.37}
  m_SizeDelta: {x: 8.103, y: 4.115}
  m_Pivot: {x: 0.5, y: 0.5}
--- !u!114 &568978602
MonoBehaviour:
  m_ObjectHideFlags: 0
  m_CorrespondingSourceObject: {fileID: 0}
  m_PrefabInstance: {fileID: 0}
  m_PrefabAsset: {fileID: 0}
  m_GameObject: {fileID: 568978600}
  m_Enabled: 1
  m_EditorHideFlags: 0
  m_Script: {fileID: 11500000, guid: f4688fdb7df04437aeb418b961361dc5, type: 3}
  m_Name: 
  m_EditorClassIdentifier: 
  m_Material: {fileID: 0}
  m_Color: {r: 1, g: 1, b: 1, a: 1}
  m_RaycastTarget: 1
  m_OnCullStateChanged:
    m_PersistentCalls:
      m_Calls: []
    m_TypeName: UnityEngine.UI.MaskableGraphic+CullStateChangedEvent, UnityEngine.UI,
      Version=1.0.0.0, Culture=neutral, PublicKeyToken=null
  m_text: 'Dante

'
  m_isRightToLeft: 0
  m_fontAsset: {fileID: 11400000, guid: 31ec3b98a205eaf46b966bc57ba64de6, type: 2}
  m_sharedMaterial: {fileID: 21351739283395790, guid: 31ec3b98a205eaf46b966bc57ba64de6,
    type: 2}
  m_fontSharedMaterials: []
  m_fontMaterial: {fileID: 0}
  m_fontMaterials: []
  m_fontColor32:
    serializedVersion: 2
    rgba: 4294967295
  m_fontColor: {r: 1, g: 1, b: 1, a: 1}
  m_enableVertexGradient: 0
  m_colorMode: 3
  m_fontColorGradient:
    topLeft: {r: 1, g: 1, b: 1, a: 1}
    topRight: {r: 1, g: 1, b: 1, a: 1}
    bottomLeft: {r: 1, g: 1, b: 1, a: 1}
    bottomRight: {r: 1, g: 1, b: 1, a: 1}
  m_fontColorGradientPreset: {fileID: 0}
  m_spriteAsset: {fileID: 0}
  m_tintAllSprites: 0
  m_overrideHtmlColors: 0
  m_faceColor:
    serializedVersion: 2
    rgba: 4294967295
  m_outlineColor:
    serializedVersion: 2
    rgba: 4278190080
  m_fontSize: 4
  m_fontSizeBase: 4
  m_fontWeight: 400
  m_enableAutoSizing: 0
  m_fontSizeMin: 18
  m_fontSizeMax: 72
  m_fontStyle: 0
  m_textAlignment: 514
  m_isAlignmentEnumConverted: 1
  m_characterSpacing: 0
  m_wordSpacing: 0
  m_lineSpacing: 0
  m_lineSpacingMax: 0
  m_paragraphSpacing: 0
  m_charWidthMaxAdj: 0
  m_enableWordWrapping: 1
  m_wordWrappingRatios: 0.4
  m_overflowMode: 0
  m_firstOverflowCharacterIndex: 0
  m_linkedTextComponent: {fileID: 0}
  m_isLinkedTextComponent: 0
  m_isTextTruncated: 0
  m_enableKerning: 1
  m_enableExtraPadding: 0
  checkPaddingRequired: 0
  m_isRichText: 1
  m_parseCtrlCharacters: 1
  m_isOrthographic: 1
  m_isCullingEnabled: 0
  m_ignoreRectMaskCulling: 0
  m_ignoreCulling: 1
  m_horizontalMapping: 0
  m_verticalMapping: 0
  m_uvLineOffset: 0
  m_geometrySortingOrder: 0
  m_firstVisibleCharacter: 0
  m_useMaxVisibleDescender: 1
  m_pageToDisplay: 1
  m_margin: {x: 0, y: 0, z: 0, w: 0}
  m_textInfo:
    textComponent: {fileID: 568978602}
    characterCount: 6
    spriteCount: 0
    spaceCount: 1
    wordCount: 1
    linkCount: 0
    lineCount: 1
    pageCount: 1
    materialCount: 1
  m_havePropertiesChanged: 0
  m_isUsingLegacyAnimationComponent: 0
  m_isVolumetricText: 0
  m_spriteAnimator: {fileID: 0}
  m_isInputParsingRequired: 0
  m_inputSource: 0
  m_hasFontAssetChanged: 0
  m_subTextObjects:
  - {fileID: 0}
  - {fileID: 0}
  - {fileID: 0}
  - {fileID: 0}
  - {fileID: 0}
  - {fileID: 0}
  - {fileID: 0}
  - {fileID: 0}
  m_baseMaterial: {fileID: 0}
  m_maskOffset: {x: 0, y: 0, z: 0, w: 0}
--- !u!222 &568978603
CanvasRenderer:
  m_ObjectHideFlags: 0
  m_CorrespondingSourceObject: {fileID: 0}
  m_PrefabInstance: {fileID: 0}
  m_PrefabAsset: {fileID: 0}
  m_GameObject: {fileID: 568978600}
  m_CullTransparentMesh: 0
--- !u!1 &660159047
GameObject:
  m_ObjectHideFlags: 0
  m_CorrespondingSourceObject: {fileID: 0}
  m_PrefabInstance: {fileID: 0}
  m_PrefabAsset: {fileID: 0}
  serializedVersion: 6
  m_Component:
  - component: {fileID: 660159049}
  - component: {fileID: 660159048}
  m_Layer: 0
  m_Name: ShopBG2
  m_TagString: Untagged
  m_Icon: {fileID: 0}
  m_NavMeshLayer: 0
  m_StaticEditorFlags: 0
  m_IsActive: 0
--- !u!212 &660159048
SpriteRenderer:
  m_ObjectHideFlags: 0
  m_CorrespondingSourceObject: {fileID: 0}
  m_PrefabInstance: {fileID: 0}
  m_PrefabAsset: {fileID: 0}
  m_GameObject: {fileID: 660159047}
  m_Enabled: 1
  m_CastShadows: 0
  m_ReceiveShadows: 0
  m_DynamicOccludee: 1
  m_MotionVectors: 1
  m_LightProbeUsage: 1
  m_ReflectionProbeUsage: 1
  m_RenderingLayerMask: 1
  m_RendererPriority: 0
  m_Materials:
  - {fileID: 10754, guid: 0000000000000000f000000000000000, type: 0}
  m_StaticBatchInfo:
    firstSubMesh: 0
    subMeshCount: 0
  m_StaticBatchRoot: {fileID: 0}
  m_ProbeAnchor: {fileID: 0}
  m_LightProbeVolumeOverride: {fileID: 0}
  m_ScaleInLightmap: 1
  m_PreserveUVs: 0
  m_IgnoreNormalsForChartDetection: 0
  m_ImportantGI: 0
  m_StitchLightmapSeams: 0
  m_SelectedEditorRenderState: 0
  m_MinimumChartSize: 4
  m_AutoUVMaxDistance: 0.5
  m_AutoUVMaxAngle: 89
  m_LightmapParameters: {fileID: 0}
  m_SortingLayerID: 0
  m_SortingLayer: 0
  m_SortingOrder: 0
  m_Sprite: {fileID: 21300000, guid: 49c46b809233403418752daeda5a3775, type: 3}
  m_Color: {r: 1, g: 1, b: 1, a: 1}
  m_FlipX: 0
  m_FlipY: 0
  m_DrawMode: 0
  m_Size: {x: 19.2, y: 10.8}
  m_AdaptiveModeThreshold: 0.5
  m_SpriteTileMode: 0
  m_WasSpriteAssigned: 1
  m_MaskInteraction: 0
  m_SpriteSortPoint: 0
--- !u!4 &660159049
Transform:
  m_ObjectHideFlags: 0
  m_CorrespondingSourceObject: {fileID: 0}
  m_PrefabInstance: {fileID: 0}
  m_PrefabAsset: {fileID: 0}
  m_GameObject: {fileID: 660159047}
  m_LocalRotation: {x: -0, y: -0, z: -0, w: 1}
  m_LocalPosition: {x: -57, y: 63, z: 0}
  m_LocalScale: {x: 1.25, y: 1.25, z: 1}
  m_Children: []
  m_Father: {fileID: 1537277609}
  m_RootOrder: 0
  m_LocalEulerAnglesHint: {x: 0, y: 0, z: 0}
--- !u!1 &732312150
GameObject:
  m_ObjectHideFlags: 0
  m_CorrespondingSourceObject: {fileID: 0}
  m_PrefabInstance: {fileID: 0}
  m_PrefabAsset: {fileID: 0}
  serializedVersion: 6
  m_Component:
  - component: {fileID: 732312152}
  - component: {fileID: 732312151}
  m_Layer: 0
  m_Name: FadeToBlack
  m_TagString: Untagged
  m_Icon: {fileID: 0}
  m_NavMeshLayer: 0
  m_StaticEditorFlags: 0
  m_IsActive: 1
--- !u!212 &732312151
SpriteRenderer:
  m_ObjectHideFlags: 0
  m_CorrespondingSourceObject: {fileID: 0}
  m_PrefabInstance: {fileID: 0}
  m_PrefabAsset: {fileID: 0}
  m_GameObject: {fileID: 732312150}
  m_Enabled: 1
  m_CastShadows: 0
  m_ReceiveShadows: 0
  m_DynamicOccludee: 1
  m_MotionVectors: 1
  m_LightProbeUsage: 1
  m_ReflectionProbeUsage: 1
  m_RenderingLayerMask: 1
  m_RendererPriority: 0
  m_Materials:
  - {fileID: 10754, guid: 0000000000000000f000000000000000, type: 0}
  m_StaticBatchInfo:
    firstSubMesh: 0
    subMeshCount: 0
  m_StaticBatchRoot: {fileID: 0}
  m_ProbeAnchor: {fileID: 0}
  m_LightProbeVolumeOverride: {fileID: 0}
  m_ScaleInLightmap: 1
  m_PreserveUVs: 0
  m_IgnoreNormalsForChartDetection: 0
  m_ImportantGI: 0
  m_StitchLightmapSeams: 0
  m_SelectedEditorRenderState: 0
  m_MinimumChartSize: 4
  m_AutoUVMaxDistance: 0.5
  m_AutoUVMaxAngle: 89
  m_LightmapParameters: {fileID: 0}
  m_SortingLayerID: 0
  m_SortingLayer: 0
  m_SortingOrder: 0
  m_Sprite: {fileID: 21300000, guid: 49c46b809233403418752daeda5a3775, type: 3}
  m_Color: {r: 0, g: 0, b: 0, a: 1}
  m_FlipX: 0
  m_FlipY: 0
  m_DrawMode: 0
  m_Size: {x: 1.29, y: 1.29}
  m_AdaptiveModeThreshold: 0.5
  m_SpriteTileMode: 0
  m_WasSpriteAssigned: 1
  m_MaskInteraction: 0
  m_SpriteSortPoint: 0
--- !u!4 &732312152
Transform:
  m_ObjectHideFlags: 0
  m_CorrespondingSourceObject: {fileID: 0}
  m_PrefabInstance: {fileID: 0}
  m_PrefabAsset: {fileID: 0}
  m_GameObject: {fileID: 732312150}
  m_LocalRotation: {x: -0, y: -0, z: -0, w: 1}
  m_LocalPosition: {x: -44.914993, y: 23.195, z: 0}
  m_LocalScale: {x: 1.25, y: 1.25, z: 1}
  m_Children: []
  m_Father: {fileID: 1537277609}
  m_RootOrder: 1
  m_LocalEulerAnglesHint: {x: 0, y: 0, z: 0}
--- !u!224 &937782367 stripped
RectTransform:
  m_CorrespondingSourceObject: {fileID: 1348516787324836376, guid: 4b88e8c182b22d34bb75cc3817409225,
    type: 3}
  m_PrefabInstance: {fileID: 293909571}
  m_PrefabAsset: {fileID: 0}
--- !u!1 &1183269343
GameObject:
  m_ObjectHideFlags: 1
  m_CorrespondingSourceObject: {fileID: 0}
  m_PrefabInstance: {fileID: 0}
  m_PrefabAsset: {fileID: 0}
  serializedVersion: 6
  m_Component:
  - component: {fileID: 1183269345}
  - component: {fileID: 1183269344}
  m_Layer: 0
  m_Name: _FungusState
  m_TagString: Untagged
  m_Icon: {fileID: 0}
  m_NavMeshLayer: 0
  m_StaticEditorFlags: 0
  m_IsActive: 1
--- !u!114 &1183269344
MonoBehaviour:
  m_ObjectHideFlags: 1
  m_CorrespondingSourceObject: {fileID: 0}
  m_PrefabInstance: {fileID: 0}
  m_PrefabAsset: {fileID: 0}
  m_GameObject: {fileID: 1183269343}
  m_Enabled: 1
  m_EditorHideFlags: 0
  m_Script: {fileID: 11500000, guid: 61dddfdc5e0e44ca298d8f46f7f5a915, type: 3}
  m_Name: 
  m_EditorClassIdentifier: 
--- !u!4 &1183269345
Transform:
  m_ObjectHideFlags: 1
  m_CorrespondingSourceObject: {fileID: 0}
  m_PrefabInstance: {fileID: 0}
  m_PrefabAsset: {fileID: 0}
  m_GameObject: {fileID: 1183269343}
  m_LocalRotation: {x: 0, y: 0, z: 0, w: 1}
  m_LocalPosition: {x: 0, y: 0, z: 0}
  m_LocalScale: {x: 1, y: 1, z: 1}
  m_Children: []
  m_Father: {fileID: 0}
  m_RootOrder: 5
  m_LocalEulerAnglesHint: {x: 0, y: 0, z: 0}
--- !u!1 &1256463546
GameObject:
  m_ObjectHideFlags: 0
  m_CorrespondingSourceObject: {fileID: 0}
  m_PrefabInstance: {fileID: 0}
  m_PrefabAsset: {fileID: 0}
  serializedVersion: 6
  m_Component:
  - component: {fileID: 1256463549}
  - component: {fileID: 1256463548}
  - component: {fileID: 1256463547}
  m_Layer: 0
  m_Name: Main Camera
  m_TagString: MainCamera
  m_Icon: {fileID: 0}
  m_NavMeshLayer: 0
  m_StaticEditorFlags: 0
  m_IsActive: 0
--- !u!81 &1256463547
AudioListener:
  m_ObjectHideFlags: 0
  m_CorrespondingSourceObject: {fileID: 0}
  m_PrefabInstance: {fileID: 0}
  m_PrefabAsset: {fileID: 0}
  m_GameObject: {fileID: 1256463546}
  m_Enabled: 1
--- !u!20 &1256463548
Camera:
  m_ObjectHideFlags: 0
  m_CorrespondingSourceObject: {fileID: 0}
  m_PrefabInstance: {fileID: 0}
  m_PrefabAsset: {fileID: 0}
  m_GameObject: {fileID: 1256463546}
  m_Enabled: 1
  serializedVersion: 2
  m_ClearFlags: 1
  m_BackGroundColor: {r: 0.19215687, g: 0.3019608, b: 0.4745098, a: 0}
  m_projectionMatrixMode: 1
  m_SensorSize: {x: 36, y: 24}
  m_LensShift: {x: 0, y: 0}
  m_GateFitMode: 2
  m_FocalLength: 50
  m_NormalizedViewPortRect:
    serializedVersion: 2
    x: 0
    y: 0
    width: 1
    height: 1
  near clip plane: 0.3
  far clip plane: 1000
  field of view: 60
  orthographic: 0
  orthographic size: 5
  m_Depth: -1
  m_CullingMask:
    serializedVersion: 2
    m_Bits: 4294967295
  m_RenderingPath: -1
  m_TargetTexture: {fileID: 0}
  m_TargetDisplay: 0
  m_TargetEye: 3
  m_HDR: 1
  m_AllowMSAA: 1
  m_AllowDynamicResolution: 0
  m_ForceIntoRT: 0
  m_OcclusionCulling: 1
  m_StereoConvergence: 10
  m_StereoSeparation: 0.022
--- !u!4 &1256463549
Transform:
  m_ObjectHideFlags: 0
  m_CorrespondingSourceObject: {fileID: 0}
  m_PrefabInstance: {fileID: 0}
  m_PrefabAsset: {fileID: 0}
  m_GameObject: {fileID: 1256463546}
  m_LocalRotation: {x: 0, y: 0, z: 0, w: 1}
  m_LocalPosition: {x: 0, y: 1, z: -10}
  m_LocalScale: {x: 1, y: 1, z: 1}
  m_Children: []
  m_Father: {fileID: 0}
  m_RootOrder: 0
  m_LocalEulerAnglesHint: {x: 0, y: 0, z: 0}
--- !u!1001 &1525537657
PrefabInstance:
  m_ObjectHideFlags: 0
  serializedVersion: 2
  m_Modification:
    m_TransformParent: {fileID: 0}
    m_Modifications:
    - target: {fileID: 3506434578959988404, guid: 85d6ea9ad806ca446bf0c4e7ef9e9b9b,
        type: 3}
      propertyPath: m_Name
      value: RoomBG
      objectReference: {fileID: 0}
    - target: {fileID: 3506434578959988405, guid: 85d6ea9ad806ca446bf0c4e7ef9e9b9b,
        type: 3}
      propertyPath: m_LocalPosition.x
      value: 0
      objectReference: {fileID: 0}
    - target: {fileID: 3506434578959988405, guid: 85d6ea9ad806ca446bf0c4e7ef9e9b9b,
        type: 3}
      propertyPath: m_LocalPosition.y
      value: 0
      objectReference: {fileID: 0}
    - target: {fileID: 3506434578959988405, guid: 85d6ea9ad806ca446bf0c4e7ef9e9b9b,
        type: 3}
      propertyPath: m_LocalPosition.z
      value: 0
      objectReference: {fileID: 0}
    - target: {fileID: 3506434578959988405, guid: 85d6ea9ad806ca446bf0c4e7ef9e9b9b,
        type: 3}
      propertyPath: m_LocalRotation.x
      value: 0
      objectReference: {fileID: 0}
    - target: {fileID: 3506434578959988405, guid: 85d6ea9ad806ca446bf0c4e7ef9e9b9b,
        type: 3}
      propertyPath: m_LocalRotation.y
      value: 1
      objectReference: {fileID: 0}
    - target: {fileID: 3506434578959988405, guid: 85d6ea9ad806ca446bf0c4e7ef9e9b9b,
        type: 3}
      propertyPath: m_LocalRotation.z
      value: 0
      objectReference: {fileID: 0}
    - target: {fileID: 3506434578959988405, guid: 85d6ea9ad806ca446bf0c4e7ef9e9b9b,
        type: 3}
      propertyPath: m_LocalRotation.w
      value: 0
      objectReference: {fileID: 0}
    - target: {fileID: 3506434578959988405, guid: 85d6ea9ad806ca446bf0c4e7ef9e9b9b,
        type: 3}
      propertyPath: m_RootOrder
      value: 1
      objectReference: {fileID: 0}
    - target: {fileID: 3506434578959988405, guid: 85d6ea9ad806ca446bf0c4e7ef9e9b9b,
        type: 3}
      propertyPath: m_LocalEulerAnglesHint.x
      value: 0
      objectReference: {fileID: 0}
    - target: {fileID: 3506434578959988405, guid: 85d6ea9ad806ca446bf0c4e7ef9e9b9b,
        type: 3}
      propertyPath: m_LocalEulerAnglesHint.y
      value: 180
      objectReference: {fileID: 0}
    - target: {fileID: 3506434578959988405, guid: 85d6ea9ad806ca446bf0c4e7ef9e9b9b,
        type: 3}
      propertyPath: m_LocalEulerAnglesHint.z
      value: 0
      objectReference: {fileID: 0}
    - target: {fileID: 3197423482234747666, guid: 85d6ea9ad806ca446bf0c4e7ef9e9b9b,
        type: 3}
      propertyPath: InitialModule.startColor.maxColor.r
      value: 0.6085676
      objectReference: {fileID: 0}
    - target: {fileID: 3197423482234747666, guid: 85d6ea9ad806ca446bf0c4e7ef9e9b9b,
        type: 3}
      propertyPath: InitialModule.startColor.maxColor.g
      value: 0.53039336
      objectReference: {fileID: 0}
    - target: {fileID: 3197423482234747666, guid: 85d6ea9ad806ca446bf0c4e7ef9e9b9b,
        type: 3}
      propertyPath: InitialModule.startColor.maxColor.b
      value: 0.8207547
      objectReference: {fileID: 0}
    - target: {fileID: 3506434577577716242, guid: 85d6ea9ad806ca446bf0c4e7ef9e9b9b,
        type: 3}
      propertyPath: m_LocalRotation.x
      value: -0
      objectReference: {fileID: 0}
    - target: {fileID: 3506434577577716242, guid: 85d6ea9ad806ca446bf0c4e7ef9e9b9b,
        type: 3}
      propertyPath: m_LocalRotation.y
      value: 0.099704295
      objectReference: {fileID: 0}
    - target: {fileID: 3506434577577716242, guid: 85d6ea9ad806ca446bf0c4e7ef9e9b9b,
        type: 3}
      propertyPath: m_LocalRotation.w
      value: 0.9950171
      objectReference: {fileID: 0}
    - target: {fileID: 3506434577577716242, guid: 85d6ea9ad806ca446bf0c4e7ef9e9b9b,
        type: 3}
      propertyPath: m_LocalEulerAnglesHint.y
      value: 11.444
      objectReference: {fileID: 0}
    - target: {fileID: 3506434577575946480, guid: 85d6ea9ad806ca446bf0c4e7ef9e9b9b,
        type: 3}
      propertyPath: m_Materials.Array.data[0]
      value: 
      objectReference: {fileID: 2100000, guid: 945bb9f6b4d386341b62eb9d9d488174, type: 2}
    - target: {fileID: 4110404753004270635, guid: 85d6ea9ad806ca446bf0c4e7ef9e9b9b,
        type: 3}
      propertyPath: m_Materials.Array.data[0]
      value: 
      objectReference: {fileID: 2100000, guid: a67b7e5f2343fa34c804fcfe520e99bc, type: 2}
    - target: {fileID: 4110404753004270635, guid: 85d6ea9ad806ca446bf0c4e7ef9e9b9b,
        type: 3}
      propertyPath: m_Materials.Array.data[1]
      value: 
      objectReference: {fileID: 2100000, guid: a67b7e5f2343fa34c804fcfe520e99bc, type: 2}
    m_RemovedComponents: []
  m_SourcePrefab: {fileID: 100100000, guid: 85d6ea9ad806ca446bf0c4e7ef9e9b9b, type: 3}
--- !u!1 &1537277605
GameObject:
  m_ObjectHideFlags: 0
  m_CorrespondingSourceObject: {fileID: 0}
  m_PrefabInstance: {fileID: 0}
  m_PrefabAsset: {fileID: 0}
  serializedVersion: 6
  m_Component:
  - component: {fileID: 1537277609}
  - component: {fileID: 1537277608}
  - component: {fileID: 1537277607}
  - component: {fileID: 1537277606}
  m_Layer: 5
  m_Name: ViewCanvas
  m_TagString: Untagged
  m_Icon: {fileID: 0}
  m_NavMeshLayer: 0
  m_StaticEditorFlags: 0
  m_IsActive: 1
--- !u!114 &1537277606
MonoBehaviour:
  m_ObjectHideFlags: 0
  m_CorrespondingSourceObject: {fileID: 0}
  m_PrefabInstance: {fileID: 0}
  m_PrefabAsset: {fileID: 0}
  m_GameObject: {fileID: 1537277605}
  m_Enabled: 1
  m_EditorHideFlags: 0
  m_Script: {fileID: 1301386320, guid: f70555f144d8491a825f0804e09c671c, type: 3}
  m_Name: 
  m_EditorClassIdentifier: 
  m_IgnoreReversedGraphics: 1
  m_BlockingObjects: 0
  m_BlockingMask:
    serializedVersion: 2
    m_Bits: 4294967295
--- !u!114 &1537277607
MonoBehaviour:
  m_ObjectHideFlags: 0
  m_CorrespondingSourceObject: {fileID: 0}
  m_PrefabInstance: {fileID: 0}
  m_PrefabAsset: {fileID: 0}
  m_GameObject: {fileID: 1537277605}
  m_Enabled: 1
  m_EditorHideFlags: 0
  m_Script: {fileID: 1980459831, guid: f70555f144d8491a825f0804e09c671c, type: 3}
  m_Name: 
  m_EditorClassIdentifier: 
  m_UiScaleMode: 0
  m_ReferencePixelsPerUnit: 100
  m_ScaleFactor: 1
  m_ReferenceResolution: {x: 800, y: 600}
  m_ScreenMatchMode: 0
  m_MatchWidthOrHeight: 0
  m_PhysicalUnit: 3
  m_FallbackScreenDPI: 96
  m_DefaultSpriteDPI: 96
  m_DynamicPixelsPerUnit: 1
--- !u!223 &1537277608
Canvas:
  m_ObjectHideFlags: 0
  m_CorrespondingSourceObject: {fileID: 0}
  m_PrefabInstance: {fileID: 0}
  m_PrefabAsset: {fileID: 0}
  m_GameObject: {fileID: 1537277605}
  m_Enabled: 1
  serializedVersion: 3
  m_RenderMode: 2
  m_Camera: {fileID: 0}
  m_PlaneDistance: 100
  m_PixelPerfect: 0
  m_ReceivesEvents: 1
  m_OverrideSorting: 0
  m_OverridePixelPerfect: 0
  m_SortingBucketNormalizedSize: 0
  m_AdditionalShaderChannelsFlag: 25
  m_SortingLayerID: 0
  m_SortingOrder: 0
  m_TargetDisplay: 0
--- !u!224 &1537277609
RectTransform:
  m_ObjectHideFlags: 0
  m_CorrespondingSourceObject: {fileID: 0}
  m_PrefabInstance: {fileID: 0}
  m_PrefabAsset: {fileID: 0}
  m_GameObject: {fileID: 1537277605}
  m_LocalRotation: {x: -0, y: -0, z: -0, w: 1}
  m_LocalPosition: {x: 0, y: 0, z: 0}
  m_LocalScale: {x: 1, y: 1, z: 1}
  m_Children:
  - {fileID: 660159049}
  - {fileID: 732312152}
  - {fileID: 398952115}
  m_Father: {fileID: 0}
  m_RootOrder: 10
  m_LocalEulerAnglesHint: {x: 0, y: 0, z: 0}
  m_AnchorMin: {x: 0, y: 0}
  m_AnchorMax: {x: 0, y: 0}
  m_AnchoredPosition: {x: 56, y: -63}
  m_SizeDelta: {x: 119, y: 67}
  m_Pivot: {x: 0.5, y: 0.5}
--- !u!1 &1651019259
GameObject:
  m_ObjectHideFlags: 0
  m_CorrespondingSourceObject: {fileID: 0}
  m_PrefabInstance: {fileID: 0}
  m_PrefabAsset: {fileID: 0}
  serializedVersion: 6
  m_Component:
  - component: {fileID: 1651019260}
  - component: {fileID: 1651019262}
  - component: {fileID: 1651019261}
  m_Layer: 5
  m_Name: Date
  m_TagString: Untagged
  m_Icon: {fileID: 0}
  m_NavMeshLayer: 0
  m_StaticEditorFlags: 0
  m_IsActive: 1
--- !u!224 &1651019260
RectTransform:
  m_ObjectHideFlags: 0
  m_CorrespondingSourceObject: {fileID: 0}
  m_PrefabInstance: {fileID: 0}
  m_PrefabAsset: {fileID: 0}
  m_GameObject: {fileID: 1651019259}
  m_LocalRotation: {x: -0, y: -0, z: -0, w: 1}
  m_LocalPosition: {x: 0, y: 0, z: 0}
  m_LocalScale: {x: 1, y: 1, z: 1}
  m_Children: []
  m_Father: {fileID: 398952115}
  m_RootOrder: 0
  m_LocalEulerAnglesHint: {x: 0, y: 0, z: 0}
  m_AnchorMin: {x: 0.5, y: 0.5}
  m_AnchorMax: {x: 0.5, y: 0.5}
  m_AnchoredPosition: {x: -0.04499817, y: 2.6729965}
  m_SizeDelta: {x: 8.103, y: 3.424}
  m_Pivot: {x: 0.5, y: 0.5}
--- !u!114 &1651019261
MonoBehaviour:
  m_ObjectHideFlags: 0
  m_CorrespondingSourceObject: {fileID: 0}
  m_PrefabInstance: {fileID: 0}
  m_PrefabAsset: {fileID: 0}
  m_GameObject: {fileID: 1651019259}
  m_Enabled: 1
  m_EditorHideFlags: 0
  m_Script: {fileID: 11500000, guid: f4688fdb7df04437aeb418b961361dc5, type: 3}
  m_Name: 
  m_EditorClassIdentifier: 
  m_Material: {fileID: 0}
  m_Color: {r: 1, g: 1, b: 1, a: 1}
  m_RaycastTarget: 1
  m_OnCullStateChanged:
    m_PersistentCalls:
      m_Calls: []
    m_TypeName: UnityEngine.UI.MaskableGraphic+CullStateChangedEvent, UnityEngine.UI,
      Version=1.0.0.0, Culture=neutral, PublicKeyToken=null
  m_text: 'July 1

'
  m_isRightToLeft: 0
  m_fontAsset: {fileID: 11400000, guid: 4808cc701d76a7a4a9dc0332c253b638, type: 2}
  m_sharedMaterial: {fileID: 21419718097614848, guid: 4808cc701d76a7a4a9dc0332c253b638,
    type: 2}
  m_fontSharedMaterials: []
  m_fontMaterial: {fileID: 0}
  m_fontMaterials: []
  m_fontColor32:
    serializedVersion: 2
    rgba: 4294967295
  m_fontColor: {r: 1, g: 1, b: 1, a: 1}
  m_enableVertexGradient: 0
  m_colorMode: 3
  m_fontColorGradient:
    topLeft: {r: 1, g: 1, b: 1, a: 1}
    topRight: {r: 1, g: 1, b: 1, a: 1}
    bottomLeft: {r: 1, g: 1, b: 1, a: 1}
    bottomRight: {r: 1, g: 1, b: 1, a: 1}
  m_fontColorGradientPreset: {fileID: 0}
  m_spriteAsset: {fileID: 0}
  m_tintAllSprites: 0
  m_overrideHtmlColors: 0
  m_faceColor:
    serializedVersion: 2
    rgba: 4294967295
  m_outlineColor:
    serializedVersion: 2
    rgba: 4278190080
  m_fontSize: 2
  m_fontSizeBase: 2
  m_fontWeight: 400
  m_enableAutoSizing: 0
  m_fontSizeMin: 18
  m_fontSizeMax: 72
  m_fontStyle: 0
  m_textAlignment: 514
  m_isAlignmentEnumConverted: 1
  m_characterSpacing: 0
  m_wordSpacing: 0
  m_lineSpacing: 0
  m_lineSpacingMax: 0
  m_paragraphSpacing: 0
  m_charWidthMaxAdj: 0
  m_enableWordWrapping: 1
  m_wordWrappingRatios: 0.4
  m_overflowMode: 0
  m_firstOverflowCharacterIndex: -1
  m_linkedTextComponent: {fileID: 0}
  m_isLinkedTextComponent: 0
  m_isTextTruncated: 0
  m_enableKerning: 1
  m_enableExtraPadding: 0
  checkPaddingRequired: 0
  m_isRichText: 1
  m_parseCtrlCharacters: 1
  m_isOrthographic: 1
  m_isCullingEnabled: 0
  m_ignoreRectMaskCulling: 0
  m_ignoreCulling: 1
  m_horizontalMapping: 0
  m_verticalMapping: 0
  m_uvLineOffset: 0
  m_geometrySortingOrder: 0
  m_firstVisibleCharacter: 0
  m_useMaxVisibleDescender: 1
  m_pageToDisplay: 1
  m_margin: {x: 0, y: 0, z: 0, w: 0}
  m_textInfo:
    textComponent: {fileID: 1651019261}
    characterCount: 7
    spriteCount: 0
    spaceCount: 2
    wordCount: 2
    linkCount: 0
    lineCount: 1
    pageCount: 1
    materialCount: 1
  m_havePropertiesChanged: 0
  m_isUsingLegacyAnimationComponent: 0
  m_isVolumetricText: 0
  m_spriteAnimator: {fileID: 0}
  m_isInputParsingRequired: 0
  m_inputSource: 0
  m_hasFontAssetChanged: 0
  m_subTextObjects:
  - {fileID: 0}
  - {fileID: 0}
  - {fileID: 0}
  - {fileID: 0}
  - {fileID: 0}
  - {fileID: 0}
  - {fileID: 0}
  - {fileID: 0}
  m_baseMaterial: {fileID: 0}
  m_maskOffset: {x: 0, y: 0, z: 0, w: 0}
--- !u!222 &1651019262
CanvasRenderer:
  m_ObjectHideFlags: 0
  m_CorrespondingSourceObject: {fileID: 0}
  m_PrefabInstance: {fileID: 0}
  m_PrefabAsset: {fileID: 0}
  m_GameObject: {fileID: 1651019259}
  m_CullTransparentMesh: 0
--- !u!1001 &1946296941
PrefabInstance:
  m_ObjectHideFlags: 0
  serializedVersion: 2
  m_Modification:
    m_TransformParent: {fileID: 0}
    m_Modifications:
    - target: {fileID: 1792621012792222, guid: e0135f4a0af4595479f266fa781d2c3d, type: 3}
      propertyPath: m_Name
      value: AudioPlayerObject (SFX)
      objectReference: {fileID: 0}
    - target: {fileID: 4934565376445180, guid: e0135f4a0af4595479f266fa781d2c3d, type: 3}
      propertyPath: m_LocalPosition.x
      value: 356.06897
      objectReference: {fileID: 0}
    - target: {fileID: 4934565376445180, guid: e0135f4a0af4595479f266fa781d2c3d, type: 3}
      propertyPath: m_LocalPosition.y
      value: 258.3848
      objectReference: {fileID: 0}
    - target: {fileID: 4934565376445180, guid: e0135f4a0af4595479f266fa781d2c3d, type: 3}
      propertyPath: m_LocalPosition.z
      value: -2.5
      objectReference: {fileID: 0}
    - target: {fileID: 4934565376445180, guid: e0135f4a0af4595479f266fa781d2c3d, type: 3}
      propertyPath: m_LocalRotation.x
      value: -0
      objectReference: {fileID: 0}
    - target: {fileID: 4934565376445180, guid: e0135f4a0af4595479f266fa781d2c3d, type: 3}
      propertyPath: m_LocalRotation.y
      value: -0
      objectReference: {fileID: 0}
    - target: {fileID: 4934565376445180, guid: e0135f4a0af4595479f266fa781d2c3d, type: 3}
      propertyPath: m_LocalRotation.z
      value: -0
      objectReference: {fileID: 0}
    - target: {fileID: 4934565376445180, guid: e0135f4a0af4595479f266fa781d2c3d, type: 3}
      propertyPath: m_LocalRotation.w
      value: 1
      objectReference: {fileID: 0}
    - target: {fileID: 4934565376445180, guid: e0135f4a0af4595479f266fa781d2c3d, type: 3}
      propertyPath: m_RootOrder
      value: 9
      objectReference: {fileID: 0}
    - target: {fileID: 4934565376445180, guid: e0135f4a0af4595479f266fa781d2c3d, type: 3}
      propertyPath: m_LocalEulerAnglesHint.x
      value: 0
      objectReference: {fileID: 0}
    - target: {fileID: 4934565376445180, guid: e0135f4a0af4595479f266fa781d2c3d, type: 3}
      propertyPath: m_LocalEulerAnglesHint.y
      value: 0
      objectReference: {fileID: 0}
    - target: {fileID: 4934565376445180, guid: e0135f4a0af4595479f266fa781d2c3d, type: 3}
      propertyPath: m_LocalEulerAnglesHint.z
      value: 0
      objectReference: {fileID: 0}
    m_RemovedComponents: []
  m_SourcePrefab: {fileID: 100100000, guid: e0135f4a0af4595479f266fa781d2c3d, type: 3}
--- !u!1001 &2050635857114380903
PrefabInstance:
  m_ObjectHideFlags: 0
  serializedVersion: 2
  m_Modification:
    m_TransformParent: {fileID: 0}
    m_Modifications:
    - target: {fileID: 2050635858278846878, guid: 808abc6bd5ccf044084e79f6ccb1fd4a,
        type: 3}
      propertyPath: m_Name
      value: GameController
      objectReference: {fileID: 0}
    - target: {fileID: 2050635858278846876, guid: 808abc6bd5ccf044084e79f6ccb1fd4a,
        type: 3}
      propertyPath: m_LocalPosition.x
      value: 0
      objectReference: {fileID: 0}
    - target: {fileID: 2050635858278846876, guid: 808abc6bd5ccf044084e79f6ccb1fd4a,
        type: 3}
      propertyPath: m_LocalPosition.y
      value: 0
      objectReference: {fileID: 0}
    - target: {fileID: 2050635858278846876, guid: 808abc6bd5ccf044084e79f6ccb1fd4a,
        type: 3}
      propertyPath: m_LocalPosition.z
      value: 0
      objectReference: {fileID: 0}
    - target: {fileID: 2050635858278846876, guid: 808abc6bd5ccf044084e79f6ccb1fd4a,
        type: 3}
      propertyPath: m_LocalRotation.x
      value: 0
      objectReference: {fileID: 0}
    - target: {fileID: 2050635858278846876, guid: 808abc6bd5ccf044084e79f6ccb1fd4a,
        type: 3}
      propertyPath: m_LocalRotation.y
      value: 0
      objectReference: {fileID: 0}
    - target: {fileID: 2050635858278846876, guid: 808abc6bd5ccf044084e79f6ccb1fd4a,
        type: 3}
      propertyPath: m_LocalRotation.z
      value: 0
      objectReference: {fileID: 0}
    - target: {fileID: 2050635858278846876, guid: 808abc6bd5ccf044084e79f6ccb1fd4a,
        type: 3}
      propertyPath: m_LocalRotation.w
      value: 1
      objectReference: {fileID: 0}
    - target: {fileID: 2050635858278846876, guid: 808abc6bd5ccf044084e79f6ccb1fd4a,
        type: 3}
      propertyPath: m_RootOrder
      value: 4
      objectReference: {fileID: 0}
    - target: {fileID: 2050635858278846876, guid: 808abc6bd5ccf044084e79f6ccb1fd4a,
        type: 3}
      propertyPath: m_LocalEulerAnglesHint.x
      value: 0
      objectReference: {fileID: 0}
    - target: {fileID: 2050635858278846876, guid: 808abc6bd5ccf044084e79f6ccb1fd4a,
        type: 3}
      propertyPath: m_LocalEulerAnglesHint.y
      value: 0
      objectReference: {fileID: 0}
    - target: {fileID: 2050635858278846876, guid: 808abc6bd5ccf044084e79f6ccb1fd4a,
        type: 3}
      propertyPath: m_LocalEulerAnglesHint.z
      value: 0
      objectReference: {fileID: 0}
    - target: {fileID: 1530597359, guid: 808abc6bd5ccf044084e79f6ccb1fd4a, type: 3}
      propertyPath: danteStory
      value: 
      objectReference: {fileID: 4900000, guid: a5d7f84d2dba4b342b6af5fe47078741, type: 3}
    - target: {fileID: 1530597359, guid: 808abc6bd5ccf044084e79f6ccb1fd4a, type: 3}
      propertyPath: indraStory
      value: 
      objectReference: {fileID: 4900000, guid: 5ef13932ca7799f489b19b95477018b4, type: 3}
    m_RemovedComponents: []
  m_SourcePrefab: {fileID: 100100000, guid: 808abc6bd5ccf044084e79f6ccb1fd4a, type: 3}
--- !u!1001 &4463197010200407907
PrefabInstance:
  m_ObjectHideFlags: 0
  serializedVersion: 2
  m_Modification:
    m_TransformParent: {fileID: 0}
    m_Modifications:
    - target: {fileID: 4463197011178970309, guid: fece64032b921394d89ce9a96a127ff4,
        type: 3}
      propertyPath: m_Name
      value: Initializer
      objectReference: {fileID: 0}
    - target: {fileID: 4463197011178970315, guid: fece64032b921394d89ce9a96a127ff4,
        type: 3}
      propertyPath: m_LocalPosition.x
      value: 318.23483
      objectReference: {fileID: 0}
    - target: {fileID: 4463197011178970315, guid: fece64032b921394d89ce9a96a127ff4,
        type: 3}
      propertyPath: m_LocalPosition.y
      value: 149.64734
      objectReference: {fileID: 0}
    - target: {fileID: 4463197011178970315, guid: fece64032b921394d89ce9a96a127ff4,
        type: 3}
      propertyPath: m_LocalPosition.z
      value: -4.875
      objectReference: {fileID: 0}
    - target: {fileID: 4463197011178970315, guid: fece64032b921394d89ce9a96a127ff4,
        type: 3}
      propertyPath: m_LocalRotation.x
      value: 0
      objectReference: {fileID: 0}
    - target: {fileID: 4463197011178970315, guid: fece64032b921394d89ce9a96a127ff4,
        type: 3}
      propertyPath: m_LocalRotation.y
      value: 0
      objectReference: {fileID: 0}
    - target: {fileID: 4463197011178970315, guid: fece64032b921394d89ce9a96a127ff4,
        type: 3}
      propertyPath: m_LocalRotation.z
      value: 0
      objectReference: {fileID: 0}
    - target: {fileID: 4463197011178970315, guid: fece64032b921394d89ce9a96a127ff4,
        type: 3}
      propertyPath: m_LocalRotation.w
      value: 1
      objectReference: {fileID: 0}
    - target: {fileID: 4463197011178970315, guid: fece64032b921394d89ce9a96a127ff4,
        type: 3}
      propertyPath: m_RootOrder
      value: 11
      objectReference: {fileID: 0}
    - target: {fileID: 4463197011178970315, guid: fece64032b921394d89ce9a96a127ff4,
        type: 3}
      propertyPath: m_LocalEulerAnglesHint.x
      value: 0
      objectReference: {fileID: 0}
    - target: {fileID: 4463197011178970315, guid: fece64032b921394d89ce9a96a127ff4,
        type: 3}
      propertyPath: m_LocalEulerAnglesHint.y
      value: 0
      objectReference: {fileID: 0}
    - target: {fileID: 4463197011178970315, guid: fece64032b921394d89ce9a96a127ff4,
        type: 3}
      propertyPath: m_LocalEulerAnglesHint.z
      value: 0
      objectReference: {fileID: 0}
    m_RemovedComponents: []
  m_SourcePrefab: {fileID: 100100000, guid: fece64032b921394d89ce9a96a127ff4, type: 3}
